
@techreport{Behrendt2011,
	Author = {Michael Behrendt and Bernard Glasner and Petra Kopp and Robert Dieckmann and Gerd Breiter and Stefan Pappe and Heather Kreger and Ali Arsanjani},
	Institution = {IBM},
	Organization = {IBM},
	Owner = {reich},
	Timestamp = {2012.07.13},
	Title = {Cloud Computing Reference Architecture 2.0},
	Url = {https://www.opengroup.org/cloudcomputing/uploads/40/23840/CCRA.IBMSubmission.02282011.doc},
	Year = {2011},
	Bdsk-Url-1 = {https://www.opengroup.org/cloudcomputing/uploads/40/23840/CCRA.IBMSubmission.02282011.doc}}

@inproceedings{Brandic:2009:VFE:1616056.1616063,
	Acmid = {1616063},
	Address = {Berlin, Heidelberg},
	Author = {Brandic, Ivona and Music, Dejan and Leitner, Philipp and Dustdar, Schahram},
	Booktitle = {Proceedings of the 6th International Workshop on Grid Economics and Business Models},
	Doi = {10.1007/978-3-642-03864-8_5},
	Isbn = {978-3-642-03863-1},
	Location = {Delft, The Netherlands},
	Numpages = {14},
	Pages = {60--73},
	Publisher = {Springer-Verlag},
	Series = {GECON '09},
	Title = {VieSLAF Framework: Enabling Adaptive and Versatile SLA-Management},
	Url = {http://dx.doi.org/10.1007/978-3-642-03864-8_5},
	Year = {2009},
	Bdsk-Url-1 = {http://dx.doi.org/10.1007/978-3-642-03864-8_5}}

@misc{DMTF2010,
	Author = {{Distributed Management Task Force}},
	Date = {2013-07-13},
	Lastchecked = {13.07.2013},
	Originalyear = {06.2012},
	Title = {Architecture for Managing Clouds},
	Url = {http://dmtf.org/sites/default/files/standards/documents/DSP-IS0102_1.0.0.pdf},
	Bdsk-Url-1 = {http://dmtf.org/sites/default/files/standards/documents/DSP-IS0102_1.0.0.pdf}}

@misc{fosii,
	Author = {{FOSII Team}},
	Date = {2013-02-17},
	Owner = {reich},
	Timestamp = {2012.07.13},
	Title = {Foundations of Self-Governing ICT Infrastructures Website},
	Url = {http://www.infosys.tuwien.ac.at/linksites/FOSII/index.html},
	Urldate = {2012.02.13},
	Bdsk-Url-1 = {http://www.infosys.tuwien.ac.at/linksites/FOSII/index.html}}

@book{Wieder2011,
	Author = {Happe, J. and Theilmann, W. and Edmonds, A. and Kearney, K.T.},
	Chapter = {A Reference Architecture for Multi-Level SLA Management},
	Editor = {Wieder, P. and Butler, J.M.and Theilmann, W. and Yahyapour, R.},
	Owner = {reich},
	Pages = {13-26},
	Publisher = {Springer-Verlag},
	Timestamp = {2012.07.26},
	Title = {Service Level Agreements for Cloud Computing},
	Year = {2011}}

@techreport{SC38StudyGroup2011,
	Author = {{ISO/IEC JTC 1/SC 38 Study Group}},
	Institution = {International Organization for Standardization},
	Owner = {reich},
	Timestamp = {2012.07.13},
	Title = {Study Group Report on Cloud Computing},
	Url = {http://isotc.iso.org/livelink/livelink/fetch/-8913189/8913214/8913373/Study_Group_on_Cloud_Computing_final_report.pdf?nodeid=12096352&vernum=-2},
	Year = {2011},
	Bdsk-Url-1 = {http://isotc.iso.org/livelink/livelink/fetch/-8913189/8913214/8913373/Study_Group_on_Cloud_Computing_final_report.pdf?nodeid=12096352&vernum=-2}}

@article{Kearney2011b,
	Author = {Keven T. Kearney and Francesco Torelli and Constantinos Kotsokalis},
	Doi = {10.1109/GRID.2010.5697973},
	Journal = {11th IEEE/ACM International Conference on Grid Computing},
	Owner = {reich},
	Pages = {217-224},
	Timestamp = {2012.07.13},
	Title = {SLA*: An Abstract Syntax for Service Level Agreements},
	Url = {http://ieeexplore.ieee.org/stamp/stamp.jsp?tp=&arnumber=5697973},
	Year = {2011},
	Bdsk-Url-1 = {http://ieeexplore.ieee.org/stamp/stamp.jsp?tp=&arnumber=5697973},
	Bdsk-Url-2 = {http://dx.doi.org/10.1109/GRID.2010.5697973}}

@techreport{Khasnabish2010,
	Author = {B. Khasnabish and J. Chu and S. Ma and Y. Meng and N. So and P. Unbehagen},
	Institution = {Internet Engineering Task Force},
	Organization = {Internet Engineering Task Force},
	Owner = {reich},
	Timestamp = {2012.07.13},
	Title = {Cloud Reference Framework},
	Url = {http://tools.ietf.org/html/draft-khasnabish-cloud-reference-framework-00},
	Year = {2010},
	Bdsk-Url-1 = {http://tools.ietf.org/html/draft-khasnabish-cloud-reference-framework-00}}

@inproceedings{Lawrence:2010:USL:2050107.2050112,
	Acmid = {2050112},
	Address = {Berlin, Heidelberg},
	Author = {Lawrence, Andy and Djemame, Karim and W\"{a}ldrich, Oliver and Ziegler, Wolfgang and Zsigri, Csilla},
	Booktitle = {Proceedings of the 2010 international conference on Towards a service-based internet},
	Isbn = {978-3-642-22759-2},
	Location = {Ghent, Belgium},
	Numpages = {12},
	Pages = {38--49},
	Publisher = {Springer-Verlag},
	Series = {ServiceWave'10},
	Title = {Using service level agreements for optimising cloud infrastructure services},
	Url = {http://dl.acm.org/citation.cfm?id=2050107.2050112},
	Year = {2011},
	Bdsk-Url-1 = {http://dl.acm.org/citation.cfm?id=2050107.2050112}}

@techreport{Liu2011,
	Author = {Liu, F. and Tong, J. and Mao, J. and Bohn, R. B. and Messina, J. V. and Badger, M. L. and Leaf, D. M.},
	Institution = {National Institute of Standards and Technology},
	Organization = {National Institute of Standards and Technology},
	Owner = {reich},
	Timestamp = {2012.07.13},
	Title = {NIST Cloud Computing Reference Architecture},
	Url = {http://www.nist.gov/customcf/get_pdf.cfm?pub_id=909505},
	Year = {2011},
	Bdsk-Url-1 = {http://www.nist.gov/customcf/get_pdf.cfm?pub_id=909505}}

@misc{Ludwig03WSLA,
	Author = {Ludwig, Heiko and Keller, Alexander and Dan, Asit and King, Richard P. and Franck, Richard},
	Citeulike-Article-Id = {327756},
	Citeulike-Linkout-0 = {http://www.research.ibm.com/wsla/WSLASpecV1-20030128.pdf},
	Keywords = {bibtex-import},
	Month = jan,
	Posted-At = {2005-09-21 06:42:21},
	Title = {{Web Service Level Agreement (WSLA) Language Specification, v1.0}},
	Url = {http://www.research.ibm.com/wsla/WSLASpecV1-20030128.pdf},
	Year = {2003},
	Bdsk-Url-1 = {http://www.research.ibm.com/wsla/WSLASpecV1-20030128.pdf}}

@inproceedings{Spillner2009,
	Acmid = {1567958},
	Address = {Berlin, Heidelberg},
	Author = {Spillner, Josef and Winkler, Matthias and Reichert, Sandro and Cardoso, Jorge and Schill, Alexander},
	Booktitle = {Proceedings of the 9th IFIP WG 6.1 International Conference on Distributed Applications and Interoperable Systems},
	Doi = {http://dx.doi.org/10.1007/978-3-642-02164-0_10},
	Isbn = {978-3-642-02163-3},
	Location = {Lisbon, Portugal},
	Numpages = {14},
	Pages = {129--142},
	Publisher = {Springer-Verlag},
	Series = {DAIS '09},
	Title = {Distributed Contracting and Monitoring in the Internet of Services},
	Url = {http://dx.doi.org/10.1007/978-3-642-02164-0_10},
	Year = {2009},
	Bdsk-Url-1 = {http://dx.doi.org/10.1007/978-3-642-02164-0_10}}

@mastersthesis{Teckelmann2012,
	Author = {Ralf Teckelmann},
	Owner = {reich},
	School = {Hochschule Furtwangen University},
	Timestamp = {2012.07.28},
	Title = {Service Level Objective Agreements Format zur Adaption von dynamischen SLAs in CloudIA},
	Year = {2012}}

@article{neural1,
	Author = {Adya, M. and Collopy, F.},
	Date-Added = {2014-05-22 08:44:51 +0000},
	Date-Modified = {2014-05-22 09:04:12 +0000},
	Journal = {Journal of Forecasting - Special Issue: Neural Networks and Financial Economics},
	Keywords = {doi: 10.1002/(SICI)1099-131X(1998090)17:5/6<481::AID-FOR709>3.0.CO;2-Q},
	Month = {September},
	Number = {5-6},
	Pages = {481-495},
	Read = {1},
	Title = {How effective are neural networks at forecasting and prediction? A review and evaluation},
	Volume = {17},
	Year = {1998}}

@techreport{LapedesFarber87,
	Address = {Los Alamos, NM},
	Author = {Lapedes, A. and Farber, R.},
	Institution = {Los Alamos National Laboratory},
	Keywords = {algorithms},
	Number = {LA-UR-87-2662},
	Posted-At = {2011-10-19 04:49:13},
	Priority = {2},
	Title = {{Nonlinear Signal Processing Using Neural Networks: Prediction and System Modelling}},
	Year = {1987}}

@article{Zhang199835,
	Author = {Guoqiang Zhang and B. Eddy Patuwo and Michael Y. Hu},
	Issn = {0169-2070},
	Journal = {International Journal of Forecasting},
	Keywords = {Forecasting},
	Number = {1},
	Pages = {35-62},
	Title = {Forecasting with artificial neural networks: The state of the art},
	Volume = {14},
	Year = {1998}}

@article{Langella2010328,
	Author = {G. Langella and A. Basile and A. Bonfante and F. Terribile},
	Issn = {0022-1694},
	Journal = {Journal of Hydrology},
	Keywords = {Spatial map},
	Number = {3--4},
	Pages = {328-342},
	Title = {High-resolution space--time rainfall analysis using integrated \{ANN\} inference systems},
	Volume = {387},
	Year = {2010}}

@article{Buizza,
	Author = {Taylor, J.W. and Buizza, R.},
	Doi = {10.1109/TPWRS.2002.800906},
	Issn = {0885-8950},
	Journal = {Power Systems, IEEE Transactions on},
	Keywords = {load forecasting; estimationWeather forecasting},
	Month = {Aug},
	Number = {3},
	Pages = {626-632},
	Title = {Neural network load forecasting with weather ensemble predictions},
	Volume = {17},
	Year = {2002},
	Bdsk-Url-1 = {http://dx.doi.org/10.1109/TPWRS.2002.800906}}

@article{Roebber,
	Annote = {doi: 10.1175/WAF1000.1},
	Author = {Roebber, Paul J. and Butt, Melissa R. and Reinke, Sarah J. and Grafenauer, Thomas J.},
	Booktitle = {Weather and Forecasting},
	Da = {2007/06/01},
	Date = {2007/06/01},
	Date-Added = {2014-07-15 16:04:26 +0000},
	Date-Modified = {2014-07-15 16:04:46 +0000},
	Doi = {10.1175/WAF1000.1},
	Isbn = {0882-8156},
	Journal = {Weather and Forecasting},
	Journal1 = {Wea. Forecasting},
	M3 = {doi: 10.1175/WAF1000.1},
	Month = {2014/07/15},
	Number = {3},
	Pages = {676-684},
	Publisher = {American Meteorological Society},
	Title = {Real-Time Forecasting of Snowfall Using a Neural Network},
	Ty = {JOUR},
	Volume = {22},
	Year = {2007},
	Year1 = {2007},
	Bdsk-Url-1 = {http://dx.doi.org/10.1175/WAF1000.1}}

@article{Pattie1996151,
	Author = {Douglas C Pattie and John Snyder},
	Issn = {0160-7383},
	Journal = {Annals of Tourism Research},
	Keywords = {validation},
	Number = {1},
	Pages = {151-164},
	Title = {Using a neural network to forecast visitor behavior},
	Volume = {23},
	Year = {1996}}

@article{Park76685,
	Author = {Park, D.C. and El-Sharkawi, M.A and Marks, R.J., II and Atlas, L.E. and Damborg, M.J.},
	Doi = {10.1109/59.76685},
	Issn = {0885-8950},
	Journal = {Power Systems, IEEE Transactions on},
	Keywords = {load forecasting;Training data;Weather forecasting},
	Month = {May},
	Number = {2},
	Pages = {442-449},
	Title = {Electric load forecasting using an artificial neural network},
	Volume = {6},
	Year = {1991},
	Bdsk-Url-1 = {http://dx.doi.org/10.1109/59.76685}}

@article{Hippert910780,
	Author = {Hippert, H.S. and Pedreira, C.E. and Souza, R.C.},
	Doi = {10.1109/59.910780},
	Issn = {0885-8950},
	Journal = {Power Systems, IEEE Transactions on},
	Keywords = {load forecasting;neural nets;power system analysis supply industry;Load forecasting;Multi-layer neural network;Neural networks;Predictive models;Testing},
	Month = {Feb},
	Number = {1},
	Pages = {44-55},
	Title = {Neural networks for short-term load forecasting: a review and evaluation},
	Volume = {16},
	Year = {2001},
	Bdsk-Url-1 = {http://dx.doi.org/10.1109/59.910780}}

@article{Bodyanskiy20061357,
	Author = {Yevgeniy Bodyanskiy and Sergiy Popov},
	Issn = {0377-2217},
	Journal = {European Journal of Operational Research},
	Keywords = {Combining of forecasts},
	Number = {3},
	Pages = {1357-1366},
	Title = {Neural network approach to forecasting of quasiperiodic financial time series},
	Volume = {175},
	Year = {2006}}

@article{McAdam2005848,
	Author = {Peter McAdam and Paul McNelis},
	Issn = {0264-9993},
	Journal = {Economic Modelling},
	Keywords = {Bootstrap},
	Number = {5},
	Pages = {848-867},
	Title = {Forecasting inflation with thick models and neural networks},
	Volume = {22},
	Year = {2005}}

@article{Kaastra1996215,
	Author = {Iebeling Kaastra and Milton Boyd},
	Issn = {0925-2312},
	Journal = {Neurocomputing},
	Keywords = {Momentum and forecast evaluation criteria},
	Note = {Financial Applications, Part II},
	Number = {3},
	Pages = {215-236},
	Title = {Designing a neural network for forecasting financial and economic time series},
	Volume = {10},
	Year = {1996}}

@article{Vukicevic2014,
	Author = {Arso M. Vukicevic and Gordana R. Jovicic and Miroslav M. Stojadinovic and Rade I. Prelevic and Nenad D. Filipovic},
	Issn = {0957-4174},
	Journal = {Expert Systems with Applications},
	Keywords = {Bladder cancerExpert SystemsArtificial Neural NetworkGenetic AlgorithmsRegret Theory},
	Title = {Evolutionary assembled neural networks for making medical decisions with minimal regret: Application for predicting advanced bladder cancer outcome},
	Year = {2014}}

@article{Arizmendi20145296,
	Author = {Carlos Arizmendi and Daniel A. Sierra and Alfredo Vellido and Enrique Romero},
	Issn = {0957-4174},
	Journal = {Expert Systems with Applications},
	Keywords = {Bayesian Neural Networks},
	Number = {11},
	Pages = {5296-5307},
	Title = {Automated classification of brain tumours from short echo time in vivo MRS data using Gaussian Decomposition and Bayesian Neural Networks},
	Volume = {41},
	Year = {2014}}

@article{Hornik1991251,
	Author = {Kurt Hornik},
	Issn = {0893-6080},
	Journal = {Neural Networks},
	Keywords = {Smooth approximation},
	Number = {2},
	Pages = {251-257},
	Title = {Approximation capabilities of multilayer feedforward networks},
	Volume = {4},
	Year = {1991}}

@article{Guresen201110389,
	Author = {Erkam Guresen and Gulgun Kayakutlu and Tugrul U. Daim},
	Issn = {0957-4174},
	Journal = {Expert Systems with Applications},
	Keywords = {Hybrid forecasting models},
	Number = {8},
	Pages = {10389-10397},
	Title = {Using artificial neural network models in stock market index prediction},
	Volume = {38},
	Year = {2011}}

@article{Hornik1989359,
	Author = {Kurt Hornik and Maxwell Stinchcombe and Halbert White},
	Issn = {0893-6080},
	Journal = {Neural Networks},
	Keywords = {Back-propagation networks},
	Number = {5},
	Pages = {359-366},
	Title = {Multilayer feedforward networks are universal approximators},
	Volume = {2},
	Year = {1989}}

@article{Zhang20011183,
	Author = {Guoqiang Peter Zhang},
	Issn = {0305-0548},
	Journal = {Computers and Operations Research},
	Number = {12},
	Pages = {1183-1202},
	Title = {An investigation of neural networks for linear time-series forecasting},
	Volume = {28},
	Year = {2001}}

@inproceedings{Fahlman90thecascade-correlation,
	Author = {Scott E. Fahlman and Christian Lebiere},
	Booktitle = {Advances in Neural Information Processing Systems 2},
	Pages = {524-532},
	Publisher = {Morgan Kaufmann},
	Title = {The cascade-correlation learning architecture},
	Year = {1990}}

@inproceedings{Rumelhart:1986:LIR:104279.104293,
	Acmid = {104293},
	Address = {Cambridge, MA, USA},
	Author = {Rumelhart, D. E. and Hinton, G. E. and Williams, R. J.},
	Chapter = {Learning Internal Representations by Error Propagation},
	Date = {1986-01-01},
	Ean = {9780262680530},
	Editor = {Rumelhart, David E. and McClelland, James L. and PDP Research Group, CORPORATE},
	Isbn = {0-262-68053-X},
	Numpages = {45},
	Pages = {318-362},
	Pagetotal = {567},
	Publisher = {MIT Press},
	Title = {Parallel Distributed Processing: Explorations in the Microstructure of Cognition, Vol. 1},
	Url = {http://dl.acm.org/citation.cfm?id=104279.104293},
	Year = {1986},
	Bdsk-Url-1 = {http://dl.acm.org/citation.cfm?id=104279.104293}}

@inproceedings{CloudProvisioning,
	Author = {Calheiros, R.N. and Ranjan, R. and Buyya, R.},
	Booktitle = {Parallel Processing (ICPP), 2011 International Conference on},
	Doi = {10.1109/ICPP.2011.17},
	Issn = {0190-3918},
	Keywords = {cloud computing;quality of service;software performance evaluation;virtual machines;analytical performance;application provisioner;cloud based IT resources;cloud computing environments;performance modeling;quality of services;system administration details;virtual machine provisioning;virtualized IT resources;workload modeling;Analytical models;Computational modeling;Load modeling;Predictive models;Quality of service;Time factors;Virtual machining;Analytical Performance;Cloud Computing;Quality of Service;Virtual Machine Provisioning},
	Month = {Sept},
	Pages = {295-304},
	Title = {Virtual Machine Provisioning Based on Analytical Performance and QoS in Cloud Computing Environments},
	Year = {2011},
	Bdsk-Url-1 = {http://dx.doi.org/10.1109/ICPP.2011.17}}

@www{slasoi2011,
	Howpublished = {Online},
	Owner = {reich},
	Timestamp = {2012.07.13},
	Title = {{SLA@SOI} Projekt Website},
	Url = {http://sla-at-soi.eu/},
	Urldate = {2012.02.13},
	Bdsk-Url-1 = {http://sla-at-soi.eu/}}

@www{slasoisrc,
	Howpublished = {Online},
	Owner = {reich},
	Timestamp = {2012.07.13},
	Title = {{SLA@SOI} Framework Alpha},
	Url = {http://sourceforge.net/projects/sla-at-soi/files/},
	Urldate = {2012.01.17},
	Bdsk-Url-1 = {http://sourceforge.net/projects/sla-at-soi/files/}}

@www{slasoiwiki,
	Howpublished = {Online},
	Owner = {reich},
	Timestamp = {2012.07.13},
	Title = {{SLA@SOI}: {SLA} Model: The Model},
	Url = {http://sourceforge.net/apps/trac/sla-at-soi/wiki/SLA%20Model%20%3A%20The%20Model},
	Urldate = {2012.01.12},
	Bdsk-Url-1 = {http://sourceforge.net/apps/trac/sla-at-soi/wiki/SLA%20Model%20%3A%20The%20Model}}

@book{TheBigSwitch,
	Address = {ISBN 978-3-8266-5508-1},
	Author = {Carr, Nicholas G.},
	Date-Added = {2014-09-27 22:45:11 +0000},
	Date-Modified = {2014-09-27 22:53:14 +0000},
	Edition = {1st},
	Publisher = {Heidelberg: Mitp},
	Title = {The Big Switch: Der grosse Wandel - Die Vernetzung der Welt von Edison bis Google},
	Year = {2009}}

@online{ASLAMaaS,
	Author = {HFU Cloud Research Lab - Autonomic SLA Management as a Service Project Website},
	Date = {date},
	Date-Modified = {2014-09-27 22:49:14 +0000},
	Note = {[Accessed: 25. 07. 2014]},
	Optdate = {2014},
	Url = {http://wolke.hs-furtwangen.de/currentprojects/aslamaas},
	Year = {2014},
	Bdsk-Url-1 = {http://wolke.hs-furtwangen.de/currentprojects/aslamaas}}

@book{Gillett:1997:SIC:275025.275027,
	Acmid = {275027},
	Address = {Cambridge, MA, USA},
	Author = {Gillett, Sharon Eisner and Kapor, Mitchell},
	Chapter = {The Self-Governing Internet: Coordination by Design},
	Isbn = {0-262-61136-8},
	Numpages = {36},
	Pages = {3--38},
	Publisher = {The Self-Governing Internet: Coordination by Design, MIT Press, pp. 3 - 38},
	Title = {Coordinating the Internet},
	Year = {1997}}

@book{MIT-TechRev,
	Author = {Regalado, Antonio},
	Date-Modified = {2014-09-27 22:49:14 +0000},
	Note = {[Accessed: 24. 06. 2014]},
	Optdate = {2014},
	Publisher = {MIT Technology Review Business in the Cloud},
	Title = {Who Coined 'Cloud Computing'?},
	Url = {http://www.technologyreview.com/news/425970/who-coined-cloud-computing},
	Year = {2011},
	Bdsk-Url-1 = {http://www.technologyreview.com/news/425970/who-coined-cloud-computing}}

@book{NIST,
	Author = {Peter Mell and Timothy Grance},
	Note = {[Accessed: 24. 04. 2014]},
	Publisher = {National Institute of Standards and Technology},
	Title = {The NIST Definition of Cloud Computing,},
	Url = {http://csrc.nist.gov/publications/nistpubs/800-145/SP800-145.pdf},
	Year = {2011},
	Bdsk-Url-1 = {http://csrc.nist.gov/publications/nistpubs/800-145/SP800-145.pdf}}

@book{NISTArch,
	Author = {Fang Liu; Jin Tong; Jian Mao; Robert B. Bohn; John V. Messina; Mark L. Badger; Dawn M. Leaf;},
	Note = {[Accessed: 24. 06. 2014]},
	Publisher = {National Institute of Standards and Technology},
	Title = {NIST Cloud Computing Reference Architecture},
	Url = {http://www.nist.gov/manuscript-publication-search.cfm?pub_id=909505},
	Year = {2011},
	Bdsk-Url-1 = {http://www.nist.gov/manuscript-publication-search.cfm?pub_id=909505}}

@online{Gartner,
	Author = {Gartner Research Group - Hype Cycles 2014},
	Note = {[Accessed: 25. 08. 2014]},
	Optdate = {2014},
	Url = {http://www.gartner.com/technology/research/hype-cycles/},
	Year = {2014},
	Bdsk-Url-1 = {http://www.gartner.com/technology/research/hype-cycles/}}

@online{rackspace15,
	Author = {Rackspace Ltd - Compare Service Levels},
	Note = {[Accessed: 25. 08. 2015]},
	Optdate = {2015},
	Url = {http://www.rackspace.co.uk/managed-cloud/compare-service-levels},
	Year = {2015},
	Bdsk-Url-1 = {http://www.rackspace.co.uk/managed-cloud/compare-service-levels}}

@online{icloud,
	Author = {The Guardian- Naked celebrity hack: security experts focus on iCloud backup theory},
	Note = {[Accessed: 23. 10. 2014]},
	Optdate = {2014},
	Url = {	http://www.theguardian.com/technology/2014/sep/01/naked-celebrity-hack-icloud-backup-jennifer-lawrence},
	Year = {2014},
	Bdsk-Url-1 = {%09http://www.theguardian.com/technology/2014/sep/01/naked-celebrity-hack-icloud-backup-jennifer-lawrence}}

@online{crisp,
	Author = {Crisp Research AG - Cloud Computing Trends 2015},
	Note = {[Accessed: 02. 10. 2015]},
	Optdate = {2015},
	Url = {http://www.crisp-research.com/die-wichtigsten-cloud-computing-trends-2015-teil-1/},
	Year = {2015},
	Bdsk-Url-1 = {http://www.crisp-research.com/die-wichtigsten-cloud-computing-trends-2015-teil-1/}}

@online{EC2SLA,
	Author = {Amazon EC2 Service Level Agreement},
	Note = {[Accessed: 02. 05. 2015]},
	Optdate = {2013},
	Url = {http://aws.amazon.com/de/ec2/sla/},
	Year = {2013},
	Bdsk-Url-1 = {http://aws.amazon.com/de/ec2/sla/}}

@online{CloudSLAwhite,
	Author = {Dimension Data},
	Note = {[Accessed: 02. 05. 2015]},
	Optdate = {2013},
	Title = {Comparing Public Cloud Service Level Agreements},
	Url = {	http://cloud.dimensiondata.com/sites/default/files/comparing_public_cloud_service_level_agreements_0_0.pdf},
	Year = {2013},
	Bdsk-Url-1 = {%09http://cloud.dimensiondata.com/sites/default/files/comparing_public_cloud_service_level_agreements_0_0.pdf}}

@article{Baset:2012:CSP:2331576.2331586,
	Acmid = {2331586},
	Address = {New York, NY, USA},
	Author = {Baset, Salman A.},
	Doi = {10.1145/2331576.2331586},
	Issn = {0163-5980},
	Issue_Date = {July 2012},
	Journal = {SIGOPS Oper. Syst. Rev.},
	Month = jul,
	Number = {2},
	Numpages = {10},
	Pages = {57--66},
	Publisher = {ACM},
	Title = {Cloud SLAs: Present and Future},
	Url = {http://doi.acm.org/10.1145/2331576.2331586},
	Volume = {46},
	Year = {2012},
	Bdsk-Url-1 = {http://doi.acm.org/10.1145/2331576.2331586},
	Bdsk-Url-2 = {http://dx.doi.org/10.1145/2331576.2331586}}

@incollection{EC2,
	Author = {Amazon Elastic Compute Cloud (Amazon EC2)},
	Bdsk-Url-1 = {		http://aws.amazon.com/de/about-aws/whats-new/2006/08/24/announcing-amazon-elastic-compute-cloud-amazon-ec2---beta},
	Date-Modified = {2014-09-27 22:49:14 +0000},
	Note = {[Accessed: 22. 06. 2014]},
	Optdate = {2014},
	Url = {		http://aws.amazon.com/de/about-aws/whats-new/2006/08/24/announcing-amazon-elastic-compute-cloud-amazon-ec2---beta},
	Year = {2006},
	Bdsk-Url-2 = {%09%09http://aws.amazon.com/de/about-aws/whats-new/2006/08/24/announcing-amazon-elastic-compute-cloud-amazon-ec2---beta}}

@incollection{ISOnew,
	Author = {International Organization for Standardization - ISO/IEC NP 19086-2 Information technology -- Cloud computing -- Service level agreement (SLA) framework and Technology -- Part 2: Metrics},
	Bdsk-Url-1 = {		http://www.iso.org/iso/home/store/catalogue_tc/catalogue_detail.htm?csnumber=67546},
	Date-Modified = {2014-09-27 22:49:14 +0000},
	Note = {[Accessed: 22. 09. 2014]},
	Optdate = {2014},
	Url = {		http://www.iso.org/iso/home/store/catalogue_tc/catalogue_detail.htm?csnumber=67546},
	Year = {2014},
	Bdsk-Url-2 = {%09%09http://www.iso.org/iso/home/store/catalogue_tc/catalogue_detail.htm?csnumber=67546}}

@book{GuideToCC,
	Author = {Maxwell Cooter and Cloud Pro},
	Isbn = {978-1781-0609-26},
	Publisher = {Dennis Publishing},
	Title = {The Ultimate Guide to Cloud Computing},
	Year = {2011}}

@book{Informs,
	Author = {Ramnath K. Chellappa},
	Publisher = {In INFORMS Dallas 1997, Cluster: Electronic Commerce, Dallas, Texas,},
	Title = {Intermediaries in cloud-computing: A new computing paradigm},
	Year = {1997}}

@book{MAPE-K,
	Author = {Edson Manoel and	Morten Jul Nielsen and Abdi Salahshour and Sai Sampath K.V.L. and Sanjeev Sudarshanan},
	Isbn = {978-0738-4911-10},
	Publisher = {IBM Redbooks},
	Title = {Problem Determination Using Self-Managing Autonomic Technology},
	Year = {2005}}

@book{A-SLO-A,
	Author = {Frey, S. and L\"uthje, C. and Teckelmann, R. and Reich, C.},
	Isbn = {978-989-8565-52-5},
	Publisher = {CLOSER 2013, pp. 457-462, SciTePress},
	Title = {Adaptable Service Level Objective Agreement (A-SLO-A) for Cloud Services},
	Year = {2013}}

@book{Anomaly2,
	Author = {Animesh Patcha and Jung-Min Park},
	Doi = {http://dx.doi.org/10.1016/j.comnet.2007.02.001},
	Keywords = {Data mining},
	Pages = {3448 - 3470},
	Publisher = {Computer Networks, Volume 51, Number 21},
	Title = {An overview of anomaly detection techniques: Existing solutions and latest technological trends},
	Url = {http://www.sciencedirect.com/science/article/pii/S138912860700062X},
	Year = {2007},
	Bdsk-Url-1 = {http://www.sciencedirect.com/science/article/pii/S138912860700062X},
	Bdsk-Url-2 = {http://dx.doi.org/10.1016/j.comnet.2007.02.001}}

@book{VM,
	Author = {IBM},
	Isbn = {978-0-7384-3893-1},
	Publisher = {IBM Redbooks},
	Title = {The Virtualization Cookbook for IBM z/VM 6.3, RHEL 6.4, and SLES 11 SP3},
	Year = {2014}}

@book{CloudSec,
	Author = {T. Mather, S. Kumaraswamy, and S. Latif},
	Isbn = {978-0-5968-0276-9},
	Publisher = {O'Reilly Media},
	Title = {Cloud Security and Privacy: An Enterprise Perspective on Risks and Compliance},
	Year = {2009}}

@misc{BITKOM,
	Author = {BITKOM - Cloud Monitor 2014},
	Note = {[Accessed: 18. 08. 2014]},
	Optdate = {2014},
	Url = {http://www.bitkom.org/de/presse/30739_78524.aspx},
	Year = {2014},
	Bdsk-Url-1 = {http://www.bitkom.org/de/presse/30739_78524.aspx}}

@misc{Juniper,
	Author = {Juniper Research - Cloud Computing - Consumer Markets - Strategies \& Forecasts 2014-2018},
	Note = {[Accessed: 12. 08. 2014]},
	Optdate = {2014},
	Url = {http://www.juniperresearch.com/reports.php?id=739},
	Year = {2014},
	Bdsk-Url-1 = {http://www.juniperresearch.com/reports.php?id=739}}

@inproceedings{fuzzyQoS,
	Author = {Frey, S. and Luthje, C. and Reich, C. and Clarke, N.},
	Booktitle = {Cloud Engineering (IC2E), 2014 IEEE International Conference on},
	Doi = {10.1109/IC2E.2014.30},
	Keywords = {cloud computing;contracts;fuzzy logic;quality of experience;resource allocation;QoS characteristics;SLA;cloud QoS scaling;cloud infrastructures;cloud resources;cloud services;contract;down scaling mechanism;fuzzy logic;performance load;performance prediction model;quality of service characteristics;resource utilization;service level agreement;up scaling mechanism;Clouds;Fuzzy control;Fuzzy logic;Load modeling;Meteorology;Quality of service;Time factors;Cloud Computing;Elasticity;Fuzzy Logic;QoS;SLA;Scaling Service},
	Month = {March},
	Pages = {343-348},
	Title = {Cloud QoS Scaling by Fuzzy Logic},
	Year = {2014},
	Bdsk-Url-1 = {http://dx.doi.org/10.1109/IC2E.2014.30}}

@misc{AWS,
	Author = {Amazon Web Services},
	Date-Added = {2014-10-20 14:35:26 +0000},
	Date-Modified = {2014-10-20 14:35:34 +0000},
	Note = {[Accessed: 12. 09. 2014]},
	Url = {http://aws.amazon.com/},
	Year = {2014},
	Bdsk-Url-1 = {http://aws.amazon.com/}}

@misc{Azure,
	Author = {Microsoft Azure Cloud Platform},
	Date-Added = {2014-10-20 14:34:34 +0000},
	Date-Modified = {2014-10-20 14:34:55 +0000},
	Note = {[Accessed: 12. 09. 2014]},
	Url = {https://azure.microsoft.com},
	Year = {2014},
	Bdsk-Url-1 = {https://azure.microsoft.com}}

@misc{OneDrive,
	Author = {Microsoft OneDrive},
	Date-Added = {2014-10-20 14:33:15 +0000},
	Date-Modified = {2014-10-20 14:33:28 +0000},
	Note = {[Accessed: 12. 09. 2014]},
	Url = {https://onedrive.live.com/},
	Year = {2014},
	Bdsk-Url-1 = {https://onedrive.live.com/}}

@misc{Dropbox,
	Author = {Dropbox Inc.},
	Date-Added = {2014-10-20 14:32:08 +0000},
	Date-Modified = {2014-10-20 14:32:15 +0000},
	Note = {[Accessed: 12. 09. 2014]},
	Url = {https://www.dropbox.com/},
	Year = {2014},
	Bdsk-Url-1 = {https://www.dropbox.com/}}

@misc{GoogleDrive,
	Author = {Google Drive},
	Date-Added = {2014-10-20 14:30:42 +0000},
	Date-Modified = {2014-10-20 14:31:21 +0000},
	Note = {[Accessed: 12. 09. 2014]},
	Url = {https://drive.google.com},
	Year = {2014},
	Bdsk-Url-1 = {https://drive.google.com}}

@misc{Googlecompute,
	Author = {Google Compute},
	Date-Added = {2014-10-20 14:30:08 +0000},
	Date-Modified = {2014-10-20 14:35:09 +0000},
	Note = {[Accessed: 12. 09. 2014]},
	Url = {https://cloud.google.com/compute/},
	Year = {2014},
	Bdsk-Url-1 = {https://cloud.google.com/compute/}}

@misc{rackspace,
	Author = {Rackspace},
	Date-Added = {2014-10-20 14:30:08 +0000},
	Date-Modified = {2014-10-20 14:35:09 +0000},
	Note = {[Accessed: 12. 09. 2014]},
	Url = {http://www.rackspace.com/},
	Year = {2014},
	Bdsk-Url-1 = {http://www.rackspace.com/}}

@misc{GoogleAppEngine,
	Author = {Google App Engine},
	Date-Added = {2014-10-20 14:30:08 +0000},
	Date-Modified = {2014-10-20 14:35:09 +0000},
	Note = {[Accessed: 12. 09. 2014]},
	Url = {https://cloud.google.com/appengine/docs},
	Year = {2014},
	Bdsk-Url-1 = {https://cloud.google.com/appengine/docs}}

@misc{GoogleApps,
	Author = {Google Apps},
	Date-Added = {2014-10-20 14:30:08 +0000},
	Date-Modified = {2014-10-20 14:35:09 +0000},
	Note = {[Accessed: 12. 09. 2014]},
	Url = {http://www.google.com/work/apps/business/},
	Year = {2014},
	Bdsk-Url-1 = {http://www.google.com/work/apps/business/}}

@misc{GoogleDocs,
	Author = {Google Docs},
	Date-Added = {2014-10-20 14:30:08 +0000},
	Date-Modified = {2014-10-20 14:35:09 +0000},
	Note = {[Accessed: 12. 09. 2014]},
	Url = {https://docs.google.com},
	Year = {2014},
	Bdsk-Url-1 = {https://docs.google.com}}

@misc{Salesforce,
	Author = {Salesforce},
	Date-Added = {2014-10-20 14:30:08 +0000},
	Date-Modified = {2014-10-20 14:35:09 +0000},
	Note = {[Accessed: 12. 09. 2014]},
	Url = {http://www.salesforce.com/},
	Year = {2014},
	Bdsk-Url-1 = {http://www.salesforce.com/}}

@misc{Office365,
	Author = {Microsoft Office 365},
	Date-Added = {2014-10-20 14:30:08 +0000},
	Date-Modified = {2014-10-20 14:35:09 +0000},
	Note = {[Accessed: 12. 09. 2014]},
	Url = {http://office.microsoft.com/de-de/},
	Year = {2014},
	Bdsk-Url-1 = {http://office.microsoft.com/de-de/}}

@inproceedings{Cloud360,
	Abstract = {{Cloud computing has become another buzzword after Web 2.0. However, there are dozens of different definitions for cloud computing and there seems to be no consensus on what a cloud is. On the other hand, cloud computing is not a completely new concept; it has intricate connection to the relatively new but thirteen-year established grid computing paradigm, and other relevant technologies such as utility computing, cluster computing, and distributed systems in general. This paper strives to compare and contrast cloud computing with grid computing from various angles and give insights into the essential characteristics of both.}},
	Author = {Foster, I. and Zhao, Yong and Raicu, I. and Lu, Shiyong},
	Booktitle = {Grid Computing Environments Workshop, 2008. GCE \&\#039;08},
	Citeulike-Article-Id = {4214978},
	Citeulike-Linkout-0 = {http://dx.doi.org/10.1109/gce.2008.4738445},
	Citeulike-Linkout-1 = {http://ieeexplore.ieee.org/xpls/abs\_all.jsp?arnumber=4738445},
	Day = {16},
	Doi = {10.1109/gce.2008.4738445},
	Institution = {Dept. of Comput. Sci., Univ. of Chicago, Chicago, IL, USA},
	Isbn = {978-1-4244-2860-1},
	Journal = {Grid Computing Environments Workshop, 2008. GCE '08},
	Keywords = {cloud, computing, grid},
	Location = {Austin, TX, USA},
	Month = nov,
	Pages = {1--10},
	Posted-At = {2009-04-24 18:57:53},
	Priority = {0},
	Publisher = {IEEE},
	Title = {{Cloud Computing and Grid Computing 360-Degree Compared}},
	Url = {http://dx.doi.org/10.1109/gce.2008.4738445},
	Year = {2008},
	Bdsk-Url-1 = {http://dx.doi.org/10.1109/gce.2008.4738445}}

@article{CloudChallenges,
	Author = {Zhang, Qi and Cheng, Lu and Boutaba, Raouf},
	Doi = {10.1007/s13174-010-0007-6},
	Issn = {1867-4828},
	Journal = {Journal of Internet Services and Applications},
	Keywords = {Cloud computing; Data centers; Virtualization},
	Language = {English},
	Number = {1},
	Pages = {7-18},
	Publisher = {Springer-Verlag},
	Title = {Cloud computing: state-of-the-art and research challenges},
	Url = {http://dx.doi.org/10.1007/s13174-010-0007-6},
	Volume = {1},
	Year = {2010},
	Bdsk-Url-1 = {http://dx.doi.org/10.1007/s13174-010-0007-6}}

@inproceedings{6409059,
	Author = {Behl, A. and Behl, K.},
	Booktitle = {Information and Communication Technologies (WICT), 2012 World Congress on},
	Doi = {10.1109/WICT.2012.6409059},
	Keywords = {cloud computing;security of data;TCO;cloud adoption;cloud characteristics perspective;cloud computing security issue analysis;cloud delivery model perspective;cloud security problem;cloud stakeholder perspective;cloud-aware security solutions;computing requirement;dynamic cloud model;dynamic storage;elastic computing;ever-changing model;freely accessible resource;information technology;key features;layer dependency;multitenancy;nontraditional computing model;security problem;total cost of ownership;Communications technology;Decision support systems;Cloud;Cloud Computing;Cloud Security Model;Security;Security Challenges},
	Month = {Oct},
	Pages = {109-114},
	Title = {An analysis of cloud computing security issues},
	Year = {2012},
	Bdsk-Url-1 = {http://dx.doi.org/10.1109/WICT.2012.6409059}}

@inproceedings{5557978,
	Author = {Ferretti, S. and Ghini, V. and Panzieri, F. and Pellegrini, M. and Turrini, E.},
	Booktitle = {Cloud Computing (CLOUD), 2010 IEEE 3rd International Conference on},
	Doi = {10.1109/CLOUD.2010.17},
	Keywords = {Internet;middleware},
	Month = {July},
	Pages = {321-328},
	Title = {QoS Aware Clouds},
	Year = {2010},
	Bdsk-Url-1 = {http://dx.doi.org/10.1109/CLOUD.2010.17}}

@article{Zissis2012583,
	Author = {Dimitrios Zissis and Dimitrios Lekkas},
	Doi = {http://dx.doi.org/10.1016/j.future.2010.12.006},
	Issn = {0167-739X},
	Journal = {Future Generation Computer Systems},
	Keywords = {Trust},
	Number = {3},
	Pages = {583 - 592},
	Title = {Addressing cloud computing security issues},
	Url = {http://www.sciencedirect.com/science/article/pii/S0167739X10002554},
	Volume = {28},
	Year = {2012},
	Bdsk-Url-1 = {http://www.sciencedirect.com/science/article/pii/S0167739X10002554},
	Bdsk-Url-2 = {http://dx.doi.org/10.1016/j.future.2010.12.006}}

@misc{AWSprice,
	Author = {Amazon},
	Date-Added = {2014-10-20 14:30:08 +0000},
	Date-Modified = {2014-10-20 14:35:09 +0000},
	Note = {{http://calculator.s3.amazonaws.com/index.html?lng=de%20D} [Accessed: 12. 09. 2014]},
	Title = {{AWS Simple Monthly Calculator}},
	Url = {http://calculator.s3.amazonaws.com/index.html?lng=de%20D},
	Year = {2014},
	Bdsk-Url-1 = {http://calculator.s3.amazonaws.com/index.html?lng=de%20D}}

%% @misc{Contabo,
%%	Author = {Contabo},
%%	Date-Added = {2014-10-20 14:30:08 +0000},
%%	Date-Modified = {2017-07-24 08:01:30 +0000},
%%	Note = {{https://contabo.de/?show=konfigurator\server_id=251} [Accessed: 12. 09. 2014]},
%%	Title = {{Dedicated Server Hosting}},
%%	Year = {2014},
%%	Bdsk-Url-1 = {https://contabo.de/?show=konfiguratorserver_id=251}}

@article{hasselmeyer2007negotiating,
	Author = {Hasselmeyer, Peer and Koller, Bastian and Kotsiopoulos, Ioannis and Kuo, Dean and Parkin, Michael},
	Journal = {Proceedings of the SOC@ Inside'07},
	Title = {Negotiating SLAs with dynamic pricing policies},
	Year = {2007}}

@inproceedings{sun2005role,
	Author = {Wenhui Sun and Yue Xu and Feng Liu},
	Booktitle = {2005 International Conference on Services Systems and Services Management, 2005. Proceedings of ICSSSM '05.},
	Doi = {10.1109/ICSSSM.2005.1500170},
	Keywords = {Internet;XML;customer services;electronic commerce;Internet services environment;W3C;XML schema recommendation;XML+XML;e-business administration;message structure;schema-based SLA;service level agreements management;Communication industry;Contracts;Financial management;Intelligent networks;Monitoring;Quality of service;Resource management;Sun;Web and internet services;XML},
	Pages = {1118-1120 Vol. 2},
	Title = {The role of XML in service level agreements management},
	Volume = {2},
	Year = {2005},
	Bdsk-Url-1 = {http://dx.doi.org/10.1109/ICSSSM.2005.1500170}}

@inproceedings{gangadharan2007service,
	Author = {Gangadharan, G. R. and Frankova, G. and D'Andrea, V.},
	Booktitle = {Collaborative Technologies and Systems, 2007. CTS 2007. International Symposium on},
	Doi = {10.1109/CTS.2007.4621751},
	Keywords = {Web services;business relationships;distributed systems;service level agreements;service license life cycle;service providers;Collaboration;Collaborative software;Collaborative work;Communications technology;Law;Legal factors;Legislation;Licenses;Proposals;Technology transfer;Service Collaboration;Service Level Agreement;Service Licensing;Service Oriented Computing;Web Services},
	Pages = {150-158},
	Title = {Service license life cycle},
	Year = {2007},
	Bdsk-Url-1 = {http://dx.doi.org/10.1109/CTS.2007.4621751}}

@book{Berger05,
	Author = {Thomas G. Berger},
	Publisher = {TU Darmstadt},
	Title = {Konzeption und Management von Service-Level-Agreements f\"ur IT-Dienstleistungen},
	Type = {Dissertation},
	Year = {2005}}

@book{RW00,
	Author = {Sturm, R. and Morris, W. and Jander, M.},
	Isbn = {9780672317439},
	Lccn = {99063620},
	Note = {ISBN: 978-0-6723-1743-9},
	Publisher = {Pearson Sams},
	Series = {Sams Professionals},
	Title = {Foundations of Service Level Management},
	Url = {http://books.google.com/books?id=-TdPAAAAMAAJ},
	Year = {2000},
	Bdsk-Url-1 = {http://books.google.com/books?id=-TdPAAAAMAAJ}}

@techreport{ISOIECSCSG2011,
	Author = {{ISO/IEC SC 38 Study Group}},
	Institution = {International Organization for Standardization},
	Note = {[Accessed: 02. 09. 2014]},
	Owner = {reich},
	Timestamp = {2012.07.13},
	Title = {JTC 1/SC 38 Study Group Report on Cloud Computing},
	Year = {2011}}

@article{wsla,
	Acmid = {635442},
	Address = {New York, NY, USA},
	Author = {Keller, Alexander and Ludwig, Heiko},
	Doi = {10.1023/A:1022445108617},
	Issn = {1064-7570},
	Issue_Date = {March 2003},
	Journal = {Journal of Network and Systems Management},
	Keywords = {Service Level Agreements, WSLA, Web Services, electronic contracts, service management},
	Month = mar,
	Number = {1},
	Numpages = {25},
	Pages = {57--81},
	Publisher = {Plenum Press},
	Title = {The WSLA Framework: Specifying and Monitoring Service Level Agreements for Web Services},
	Url = {http://dx.doi.org/10.1023/A:1022445108617},
	Volume = {11},
	Year = {2003},
	Bdsk-Url-1 = {http://dx.doi.org/10.1023/A:1022445108617}}

@book{Happe2011,
	Author = {Happe, J. and Theilmann, W. and Edmonds, A. and Kearney, K.T.},
	Chapter = {A Reference Architecture for Multi-Level SLA Management},
	Editor = {Wieder, P. and Butler, J.M.and Theilmann, W. and Yahyapour, R.},
	Owner = {reich},
	Pages = {13-26},
	Publisher = {Springer-Verlag},
	Timestamp = {2012.07.26},
	Title = {Service Level Agreements for Cloud Computing},
	Year = {2011}}

@techreport{Khasnabish2010a,
	Author = {B. Khasnabish and J. Chu and S. Ma and Y. Meng and N. So and P. Unbehagen},
	Institution = {Internet Engineering Task Force},
	Note = {[Accessed: 12. 05. 2014]},
	Organization = {Internet Engineering Task Force},
	Owner = {reich},
	Timestamp = {2012.07.13},
	Title = {Cloud Reference Framework},
	Year = {2010}}

@misc{Ludwig2003,
	Author = {Ludwig, Heiko and Keller, Alexander and Dan, Asit and King, Richard P. and Franck, Richard},
	Citeulike-Article-Id = {327756},
	Citeulike-Linkout-0 = {http://www.research.ibm.com/wsla/WSLASpecV1-20030128.pdf},
	Keywords = {bibtex-import},
	Month = jan,
	Note = {{http://www.research.ibm.com/wsla/WSLASpecV1-20030128.pdf} [Accessed: 22. 03. 2014]},
	Posted-At = {2005-09-21 06:42:21},
	Title = {{Web Service Level Agreement (WSLA) Language Specification, v1.0}},
	Url = {http://www.research.ibm.com/wsla/WSLASpecV1-20030128.pdf},
	Year = {2003},
	Bdsk-Url-1 = {http://www.research.ibm.com/wsla/WSLASpecV1-20030128.pdf}}

@inproceedings{Spillner2009a,
	Acmid = {1567958},
	Address = {Berlin, Heidelberg},
	Author = {Spillner, Josef and Winkler, Matthias and Reichert, Sandro and Cardoso, Jorge and Schill, Alexander},
	Booktitle = {Proceedings of the 9th IFIP WG 6.1 International Conference on Distributed Applications and Interoperable Systems},
	Doi = {http://dx.doi.org/10.1007/978-3-642-02164-0_10},
	Isbn = {978-3-6420-2163-3},
	Location = {Lisbon, Portugal},
	Numpages = {14},
	Pages = {129--142},
	Publisher = {Springer-Verlag},
	Series = {DAIS '09},
	Title = {Distributed Contracting and Monitoring in the Internet of Services},
	Url = {http://dx.doi.org/10.1007/978-3-642-02164-0_10},
	Year = {2009},
	Bdsk-Url-1 = {http://dx.doi.org/10.1007/978-3-642-02164-0_10}}

@article{Kearney2011,
	Author = {Keven T. Kearney and Francesco Torelli and Constantinos Kotsokalis},
	Doi = {10.1109/GRID.2010.5697973},
	Journal = {11th IEEE/ACM International Conference on Grid Computing},
	Owner = {reich},
	Pages = {217-224},
	Timestamp = {2012.07.13},
	Title = {SLA*: An Abstract Syntax for Service Level Agreements},
	Year = {2011},
	Bdsk-Url-1 = {http://dx.doi.org/10.1109/GRID.2010.5697973}}

@book{Network,
	Author = {Mansfield, K. C. and Antonakos, J. L.},
	Note = {ISBN: 9781743044544},
	Publisher = {Boston: Course Technology, Cengage Learning},
	Title = {Computer Networking from LANs to WANs: Hardware, Software, and Security},
	Year = {2010}}

@book{SLAEntwurf,
	Author = {Holger Schmidt},
	Note = {ISBN: 3-8316-0071-6},
	Publisher = {Herbert Utz M\"unchen},
	Title = {Entwurf von Service Level Agreements auf der Basis von Dienstprozessen},
	Year = {2001}}

@misc{KPI,
	Author = {{Service Now}},
	Note = {{http://mirror42.com} [Accessed: 12. 07. 2014]},
	Title = {{KPI Library}},
	Url = {http://mirror42.com},
	Year = {2013},
	Bdsk-Url-1 = {http://mirror42.com}}

@misc{DMTF2010a,
	Author = {{Distributed Management Task Force}},
	Comment = {DSP-IS0102},
	Date = {2010},
	Note = {{http://dmtf.org} [Accessed: 10. 06. 2014]},
	Owner = {reich},
	Timestamp = {2012.07.13},
	Title = {Architecture for Managing Clouds},
	Url = {http://dmtf.org},
	Year = {2010},
	Bdsk-Url-1 = {http://dmtf.org}}

@misc{meaning,
	Author = {Gartner Inc.},
	Date = {2012.05.12},
	Note = {{http://blogs.gartner.com/lydia\_leong/2012/12/05/cloud-iaas-slas-can-be-meaningless} [Accessed: 12. 09. 2014]},
	Owner = {frs},
	Title = {Cloud IaaS SLAs can be meaningless {http://blogs.gartner.com/lydia\_leong/2012/12/05/cloud-iaas-slas-can-be-meaningless}},
	Url = {{http://blogs.gartner.com/lydia\_leong/2012/12/05/cloud-iaas-slas-can-be-meaningless}},
	Urldate = {2012.05.12},
	Bdsk-Url-1 = {%7Bhttp://blogs.gartner.com/lydia%5C_leong/2012/12/05/cloud-iaas-slas-can-be-meaningless%7D}}

@misc{Gartner11,
	Author = {{ Gartner Group}},
	Date = {2011},
	Note = {{http://www.cio.de/strategien/analysen/2262709/} [Accessed: 14. 05. 2014]},
	Title = {CIO-Priorit\"aten und Budgets 2011 {http://www.cio.de/strategien/analysen/2262709/}},
	Url = {http://www.cio.de/strategien/analysen/2262709/},
	Bdsk-Url-1 = {http://www.cio.de/strategien/analysen/2262709/}}

@misc{CloudCouncil,
	Author = {{Cloud Council}},
	Date = {2012},
	Note = {{http://www.cloud-council.org/10052011.htm} [Accessed: 12. 09. 2014]},
	Title = {Practical Guide to Cloud Computing},
	Url = {http://www.cloud-council.org/10052011.htm},
	Bdsk-Url-1 = {http://www.cloud-council.org/10052011.htm}}

@misc{ITILweb,
	Author = {{ITIL Foundation}},
	Date = {2014-09-12},
	Note = {{http://www.itil-officialsite.com/} [Accessed: 12. 09. 2014]},
	Title = {{Information Technology Infrastructure Library (ITIL)}},
	Url = {http://www.itil-officialsite.com/},
	Bdsk-Url-1 = {http://www.itil-officialsite.com/}}

@book{ITIL1,
	Author = {Beims, Martin},
	Date = {2012},
	Isbn = {978-3-44643087-7},
	Publisher = {Carl Hanser Verlag GmbH & Co. KG},
	Title = {IT-Service Management mit ITIL{\textregistered} Edition 2011, ISO 20000:2011 und PRINCE2{\textregistered} in der Praxis}}

@book{scholderer2011management,
	Author = {Scholderer, R.},
	Isbn = {978-3-8986-4702-1},
	Publisher = {Dpunkt.Verlag GmbH},
	Title = {Management von Service-Level-Agreements: methodische Grundlagen und Praxisl{\"o}sungen mit CobiT, ISO 20000 und ITIL},
	Url = {http://books.google.de/books?id=guPhSAAACAAJ},
	Year = {2011},
	Bdsk-Url-1 = {http://books.google.de/books?id=guPhSAAACAAJ}}

@misc{IDC,
	Author = {{G. Cattaneo, M. Kolding, D. Bradshaw, G. Folco, IDC for the European Commission}},
	Date = {2012},
	Note = {{http://cordis.europa.eu/fp7/ict/ssai/docs/study45-d2-interim-report.pdf} [Accessed: 12. 08. 2014]},
	Title = {Quantitative Estimates of the Demand for Cloud Computing in Europe and the Likely Barriers To Take-up},
	Url = {http://cordis.europa.eu/fp7/ict/ssai/docs/study45-d2-interim-report.pdf},
	Bdsk-Url-1 = {http://cordis.europa.eu/fp7/ict/ssai/docs/study45-d2-interim-report.pdf}}

@misc{Bourne,
	Author = {{Vanson Bourne Technology Market Research}},
	Date = {2011},
	Note = {{http://servicemanagement.cbronline.com/news/cloud-performance-issues-costing-firms-600000-a-year-survey} [Accessed: 12. 11. 2013]},
	Title = {Companies struggling with cloud performance},
	Url = {http://servicemanagement.cbronline.com/news/cloud-performance-issues-costing-firms-600000-a-year-survey, 2011},
	Bdsk-Url-1 = {http://servicemanagement.cbronline.com/news/cloud-performance-issues-costing-firms-600000-a-year-survey,%202011}}

@misc{JTC,
	Author = {ISO/IEC SC 38 Study Group,},
	Date = {2011},
	Note = {{http://isotc.iso.org} [Accessed: 17. 06. 2014]},
	Publisher = {International Organization for Standardization, Tech. Rep.},
	Title = {JTC SC 38 Study Group Report on Cloud Computing},
	Url = {http://isotc.iso.org},
	Bdsk-Url-1 = {http://isotc.iso.org}}

@misc{Experton,
	Author = {{Experton Group}},
	Date = {2012},
	Note = {{http://www.computerwoche.de/management/cloud- computing/1934027/} [Accessed: 17. 03. 2014]},
	Title = {Experton-Analyse: Wer f/"ult die Cloud mit Business Services},
	Url = {http://www.computerwoche.de/management/cloud- computing/1934027/},
	Bdsk-Url-1 = {http://www.computerwoche.de/management/cloud-%20computing/1934027/}}

@book{CCbasics,
	Address = {ISBN 978-1-4614-7698-6},
	Author = {S. Srinivasan},
	Date-Added = {2014-09-27 22:45:11 +0000},
	Date-Modified = {2014-09-27 22:53:14 +0000},
	Edition = {1st},
	Publisher = {Springer New York},
	Title = {Cloud Computing Basics},
	Year = {2014}}

@book{CloudConcerns,
	Author = {Intel},
	Note = {[Accessed: 02. 08. 2014]},
	Publisher = {Intel},
	Title = {What is holding back the cloud?},
	Url = {http://www.intel.com/content/www/us/en/cloud- computing/whats-holding-back-the-cloud-peer-research-report.html},
	Year = {2012},
	Bdsk-Url-1 = {http://www.intel.com/content/www/us/en/cloud-%20computing/whats-holding-back-the-cloud-peer-research-report.html}}

@book{Fuzzy,
	Author = {Frey, S. and L\"uthje, C. and Huwwa, V. and Reich, C.},
	Date = {2013},
	Note = {2013, pp. 150-155},
	Optaddendum = {addendum},
	Optannotator = {annotator},
	Optcommentator = {commentator},
	Optdoi = {doi},
	Opteditor = {editor},
	Opteditora = {editora},
	Opteditorb = {editorb},
	Opteditorc = {editorc},
	Opteid = {eid},
	Opteprint = {eprint},
	Opteprintclass = {eprintclass},
	Opteprinttype = {eprinttype},
	Optissn = {issn},
	Optissue = {issue},
	Optissuesubtitle = {issuesubtitle},
	Optissuetitle = {issuetitle},
	Optjournalsubtitle = {journalsubtitle},
	Optlanguage = {language},
	Optmonth = {month},
	Optnumber = {number},
	Optoriglanguage = {origlanguage},
	Optpages = {150-155},
	Optpubstate = {pubstate},
	Optseries = {series},
	Optsubtitle = {subtitle},
	Opttitleaddon = {titleaddon},
	Opttranslator = {translator},
	Opturl = {url},
	Opturldate = {urldate},
	Optversion = {version},
	Optvolume = {volume},
	Publisher = {CLOUD COMPUTING 2013, The Fourth International Conference on Cloud Computing, GRIDs, and Virtualization},
	Title = {Fuzzy Controled QoS for Scalable Cloud Computing Services}}

@misc{ASLAMaaSDoku,
	Author = {{ASLAMaaS Project}},
	Date = {date},
	Date-Modified = {2014-09-27 22:49:14 +0000},
	Note = {{http://www.wolke.hs-furtwangen.de/assets/files/ASLAMaaS-SLA-Richtliniendokument.pdf} [Accessed: 25. 07. 2014]},
	Optdate = {2013},
	Title = {{Autonomic SLA Management as a Service Project - SLA Richtliniendokument f\"ur Cloud Dienstleistungen}},
	Url = {http://www.wolke.hs-furtwangen.de/assets/files/ASLAMaaS-SLA-Richtliniendokument.pdf},
	Year = {2014},
	Bdsk-Url-1 = {http://www.wolke.hs-furtwangen.de/assets/files/ASLAMaaS-SLA-Richtliniendokument.pdf}}

@article{Autonomic2010,
	Author = {Dobson, Simon and Sterritt, Roy and Nixon, P. and Hinchey, M.},
	Doi = {10.1109/MC.2010.14},
	Issn = {0018-9162},
	Journal = {Computer},
	Keywords = {fault tolerant computing;autonomic computing;next-generation enterprise;self-managing systems;sensor systems;systems engineering;Computer vision;Sensor systems;Systems engineering and theory;Adaptive systems;Autonomic computing;Self-managing systems;Systems engineering},
	Month = {01},
	Number = {1},
	Pages = {35-41},
	Title = {Fulfilling the Vision of Autonomic Computing},
	Volume = {43},
	Year = {2010},
	Bdsk-Url-1 = {http://dx.doi.org/10.1109/MC.2010.14}}

@inproceedings{Fu:2006:GSG:1170138.1170724,
	Acmid = {1170724},
	Address = {Washington, DC, USA},
	Author = {Fu, Wei and Huang, Qian},
	Booktitle = {Proceedings of the Fifth International Conference on Grid and Cooperative Computing Workshops},
	Doi = {10.1109/GCCW.2006.51},
	Isbn = {0-7695-2695-0},
	Numpages = {8},
	Pages = {5--12},
	Publisher = {IEEE Computer Society},
	Series = {GCCW '06},
	Title = {GridEye: A Service-oriented Grid Monitoring System with Improved Forecasting Algorithm},
	Url = {http://dx.doi.org/10.1109/GCCW.2006.51},
	Year = {2006},
	Bdsk-Url-1 = {http://dx.doi.org/10.1109/GCCW.2006.51}}

@proceedings{DBLP:conf/mascots/2000,
	Bibsource = {dblp computer science bibliography, http://dblp.org},
	Biburl = {http://dblp.dagstuhl.de/rec/bib/conf/mascots/2000},
	Isbn = {0-7695-0728-X},
	Publisher = {{IEEE} Computer Society},
	Timestamp = {Thu, 16 Oct 2014 17:35:18 +0200},
	Title = {{MASCOTS} 2000, Proceedings of the 8th International Symposium on Modeling, Analysis and Simulation of Computer and Telecommunication Systems, 29 August - 1 September 2000, San Francisco, California, {USA}},
	Url = {http://ieeexplore.ieee.org/xpl/mostRecentIssue.jsp?punumber=7034},
	Year = {2000},
	Bdsk-Url-1 = {http://ieeexplore.ieee.org/xpl/mostRecentIssue.jsp?punumber=7034}}

@article{Wood:2009:SBG:1663647.1663710,
	Acmid = {1663710},
	Address = {New York, NY, USA},
	Author = {Wood, Timothy and Shenoy, Prashant and Venkataramani, Arun and Yousif, Mazin},
	Doi = {10.1016/j.comnet.2009.04.014},
	Issn = {1389-1286},
	Issue_Date = {December, 2009},
	Journal = {Comput. Netw.},
	Keywords = {Data centers, Dynamic provisioning, Migration, Virtualization},
	Month = dec,
	Number = {17},
	Numpages = {16},
	Pages = {2923--2938},
	Publisher = {Elsevier North-Holland, Inc.},
	Title = {Sandpiper: Black-box and Gray-box Resource Management for Virtual Machines},
	Url = {http://dx.doi.org/10.1016/j.comnet.2009.04.014},
	Volume = {53},
	Year = {2009},
	Bdsk-Url-1 = {http://dx.doi.org/10.1016/j.comnet.2009.04.014}}

@article{aceto2013cloud,
	Author = {Aceto, Giuseppe and Botta, Alessio and De Donato, Walter and Pescap{\`e}, Antonio},
	Journal = {Computer Networks},
	Number = {9},
	Pages = {2093--2115},
	Publisher = {Elsevier},
	Title = {Cloud monitoring: A survey},
	Volume = {57},
	Year = {2013}}

@article{saqib2017cloud,
	Author = {Saqib, Manasha},
	Journal = {International Journal of Advanced Research in Computer Science},
	Number = {2},
	Title = {Cloud Monitoring: A Survey.},
	Volume = {8},
	Year = {2017}}

@article{spring2011monitoring1,
	Author = {Spring, Jonathan},
	Journal = {IEEE Security \& Privacy},
	Number = {2},
	Pages = {66--68},
	Publisher = {IEEE},
	Title = {Monitoring cloud computing by layer, part 1},
	Volume = {9},
	Year = {2011}}

@article{spring2011monitoring2,
	Author = {Spring, Jonathan},
	Journal = {IEEE Security \& Privacy},
	Number = {3},
	Pages = {52--55},
	Publisher = {IEEE},
	Title = {Monitoring cloud computing by layer, part 2},
	Volume = {9},
	Year = {2011}}

@misc{CSA3.0,
	Author = {{Cloud Security Alliance}},
	Note = {{https://downloads.cloudsecurityalliance.org/assets/research/security-guidance/csaguide.v3.0.pdf} [Accessed: 25. 07. 2016]},
	Title = {{Security Guidance for Critical Areas of Focus in Cloud Computing v3.0}},
	Year = {2011}}

@misc{texo2011,
	Author = {{Fraunhofer IAO}},
	Note = {{https://www.e-business.iao.fraunhofer.de/de/projekte/beschreibung/theseus-texo.html} [Accessed: 25. 07. 2015]},
	Title = {{Theseus Texo - Business Webs im Internet der Dienste}},
	Year = {2011}}

@article{fatema2014survey,
	Author = {Fatema, Kaniz and Emeakaroha, Vincent C and Healy, Philip D and Morrison, John P and Lynn, Theo},
	Journal = {Journal of Parallel and Distributed Computing},
	Number = {10},
	Pages = {2918--2933},
	Publisher = {Elsevier},
	Title = {A survey of Cloud monitoring tools: Taxonomy, capabilities and objectives},
	Volume = {74},
	Year = {2014}}

@article{ward2014observing,
	Author = {Ward, Jonathan Stuart and Barker, Adam},
	Journal = {Journal of Cloud Computing},
	Number = {1},
	Pages = {24},
	Publisher = {Springer Berlin Heidelberg},
	Title = {Observing the clouds: a survey and taxonomy of cloud monitoring},
	Volume = {3},
	Year = {2014}}

@inproceedings{Munawar:2008:AMD:1434239.1434256,
	Acmid = {1434256},
	Address = {Berlin, Heidelberg},
	Author = {Munawar, Mohammad A. and Reidemeister, Thomas and Jiang, Miao and George, Allen and Ward, Paul A.},
	Booktitle = {Proceedings of the 19th IFIP/IEEE International Workshop on Distributed Systems: Operations and Management: Managing Large-Scale Service Deployment},
	Doi = {10.1007/978-3-540-87353-2_13},
	Isbn = {978-3-540-85999-4},
	Location = {Samos Island, Greece},
	Numpages = {14},
	Pages = {162--175},
	Publisher = {Springer-Verlag},
	Series = {DSOM '08},
	Title = {Adaptive Monitoring with Dynamic Differential Tracing-Based Diagnosis},
	Url = {http://dx.doi.org/10.1007/978-3-540-87353-2_13},
	Year = {2008},
	Bdsk-Url-1 = {http://dx.doi.org/10.1007/978-3-540-87353-2_13}}

@inproceedings{menasce2002load,
	Author = {Menasc{\'e}, Daniel A},
	Booktitle = {Int. CMG Conference},
	Pages = {271--282},
	Title = {Load testing, benchmarking, and application performance management for the web},
	Year = {2002}}

@article{kephart2003vision,
	Author = {Kephart, Jeffrey O and Chess, David M},
	Journal = {Computer},
	Number = {1},
	Pages = {41--50},
	Publisher = {IEEE},
	Title = {The vision of autonomic computing},
	Volume = {36},
	Year = {2003}}

@inproceedings{prevost2011prediction,
	Author = {Prevost, John J and Nagothu, KranthiManoj and Kelley, Brian and Jamshidi, Mo},
	Booktitle = {System of Systems Engineering (SoSE), 2011 6th International Conference on},
	Organization = {IEEE},
	Pages = {276--281},
	Title = {Prediction of cloud data center networks loads using stochastic and neural models},
	Year = {2011}}

@inproceedings{li2014sla,
	Author = {Li, Chung-Cheng and Wang, Kuochen},
	Booktitle = {Information Networking (ICOIN), 2014 International Conference on},
	Organization = {IEEE},
	Pages = {58--63},
	Title = {An SLA-aware load balancing scheme for cloud datacenters},
	Year = {2014}}

@inproceedings{hu2013kswsvr,
	Author = {Hu, Rongdong and Jiang, Jingfei and Liu, Guangming and Wang, Lixin},
	Booktitle = {Services Computing (SCC), 2013 IEEE International Conference on},
	Organization = {IEEE},
	Pages = {120--127},
	Title = {Kswsvr: A new load forecasting method for efficient resources provisioning in cloud},
	Year = {2013}}

@inproceedings{bankole2013predicting,
	Author = {Bankole, Akindele A and Ajila, Samuel A},
	Booktitle = {Electrical and Computer Engineering (CCECE), 2013 26th Annual IEEE Canadian Conference on},
	Organization = {IEEE},
	Pages = {1--4},
	Title = {Predicting cloud resource provisioning using machine learning techniques},
	Year = {2013}}

@inproceedings{imam2011neural,
	Author = {Imam, Md Toukir and Miskhat, Sheikh Faisal and Rahman, Rashedur M and Amin, M Ashraful},
	Booktitle = {Computer and Information Technology (ICCIT), 2011 14th International Conference on},
	Organization = {IEEE},
	Pages = {333--338},
	Title = {Neural network and regression based processor load prediction for efficient scaling of Grid and Cloud resources},
	Year = {2011}}

@inproceedings{sterritt2005autonomic,
	Author = {Sterritt, Roy and Hinchey, Mike},
	Booktitle = {Engineering of Computer-Based Systems, 2005. ECBS'05. 12th IEEE International Conference and Workshops on the},
	Organization = {IEEE},
	Pages = {535--539},
	Title = {Autonomic computing-panacea or poppycock?},
	Year = {2005}}

@book{murch2004autonomic,
	Author = {Murch, Richard},
	Publisher = {{IBM Press}},
	Title = {Autonomic computing},
	Year = {2004}}

@inproceedings{kephart2005research,
	Author = {Kephart, Jeffrey O},
	Booktitle = {Proceedings of the 27th international conference on Software engineering},
	Organization = {ACM},
	Pages = {15--22},
	Title = {Research challenges of autonomic computing},
	Year = {2005}}

@article{horn2001autonomic,
	Author = {Horn, Paul},
	Publisher = {IBM},
	Title = {Autonomic computing: IBM$\backslash$'s Perspective on the State of Information Technology},
	Year = {2001}}

@article{buisson2005dynamic,
	Author = {Buisson, J{\'e}r{\'e}my and Andr{\'e}, Fran{\c{c}}oise and Pazat, Jean-Louis},
	Journal = {Advances in Grid Computing-EGC 2005},
	Pages = {139--168},
	Publisher = {Springer},
	Title = {Dynamic adaptation for grid computing},
	Year = {2005}}

@phdthesis{buisson2006adaptation,
	Author = {Buisson, J{\'e}r{\'e}my},
	School = {Th{\`e}se de doctorat, INSA de Rennes},
	Title = {Adaptation dynamique de programmes et composants parall{\`e}les},
	Year = {2006}}

@inproceedings{fei2005design,
	Author = {Fei, Wang and Fan-Zhang, Li},
	Booktitle = {Granular Computing, 2005 IEEE International Conference on},
	Organization = {IEEE},
	Pages = {270--273},
	Title = {The design of an autonomic computing model and the algorithm for decision-making},
	Volume = {1},
	Year = {2005}}

@inproceedings{zhao2009survey,
	Author = {Zhao, Zhenxing and Gao, Congying and Duan, Fu},
	Booktitle = {Computational Intelligence and Industrial Applications, 2009. PACIIA 2009. Asia-Pacific Conference on},
	Organization = {IEEE},
	Pages = {288--291},
	Title = {A survey on autonomic computing research},
	Volume = {2},
	Year = {2009}}

@misc{rapidminer,
	Author = {{Rapidminer}},
	Note = {{https://rapidminer.com/} [Accessed: 25. 01. 2016]},
	Optdate = {2013},
	Title = {{Rapidminer Website}}}

@misc{ganglia,
	Author = {{Ganglia}},
	Note = {{https://ganglia.info/} [Accessed: 25. 01. 2018]},
	Optdate = {2018},
	Title = {{Ganglia Website}}}

