% Encoding: UTF-8

@book{6114435,
	author={M. {Mao} and M. {Humphrey}},
	booktitle={SC '11: Proceedings of 2011 International Conference for High Performance Computing, Networking, Storage and Analysis},
	title={Auto-scaling to minimize cost and meet application deadlines in cloud workflows},
	year={2011},
	volume={},
	number={},
	pages={1-12},
	keywords={cloud computing;formal specification;resource allocation;scheduling;virtual machines;cost minimization;application deadline;cloud workflow;cloud computing;cloud resource allocation;schedule-based mechanism;rule-based mechanism;computing requirement;computing resources;resource utilization;user performance requirement;virtual machines;performance requirement specification;soft deadline assignment;scheduling task;cloud workload pattern;cost saving;Vectors;Dynamic scheduling;Data models;Servers;Silicon;Estimation;Schedules;Cloud computing;auto-scaling;cost-minimization},
	doi={},
	ISSN={2167-4329},
	month={Nov},}

@book{weisberg2014applied,
	title={Applied Linear Regression},
	author={Weisberg, S.},
	isbn={9781118789551},
	lccn={2013028885},
	series={Wiley Series in Probability and Statistics},
	url={https://books.google.de/books?id=FHt-AwAAQBAJ},
	year={2014},
	publisher={Wiley}
}

@book{montgomery2013introduction,
	title={Introduction to Linear Regression Analysis},
	author={Montgomery, D.C. and Peck, E.A. and Vining, G.G.},
	isbn={9781118627365},
	series={Wiley Series in Probability and Statistics},
	url={https://books.google.de/books?id=lSyiRZh09oEC},
	year={2013},
	publisher={Wiley}
}


@article{PANDA2015176,
	title = "Allocation-aware Task Scheduling for Heterogeneous Multi-cloud Systems",
	journal = "Procedia Computer Science",
	volume = "50",
	pages = "176 - 184",
	year = "2015",
	note = "Big Data, Cloud and Computing Challenges",
	issn = "1877-0509",
	doi = "https://doi.org/10.1016/j.procs.2015.04.081",
	url = "http://www.sciencedirect.com/science/article/pii/S1877050915005827",
	author = "Sanjaya K. Panda and Indrajeet Gupta and Prasanta K. Jana",
	keywords = "Task Allocation, Multi-Cloud, Virtual Machine, Scheduler, Cloud Manager",
	abstract = "Cloud computing is one of the growing technology usage for the day-to-day business operations in today's IT industry. The diverse features of cloud such as on-demand self-service, quality of service, pay-per-usage pricing, virtualization and elasticity make the cloud more popular in industries as well as research communities. However, the mapping of the cloud resources in forms of virtual machines (VMs) to fulfill the customer requests is very challenging and a well-known NP-Complete problem. In this paper, we propose an allocation-aware task scheduling (ATS) algorithm for heterogeneous multi-cloud systems. The algorithm has three phases, namely matching, allocating and scheduling that aim to map the customer requests (or tasks) to the VMs of the clouds such that the overall completion time i.e., makespan is minimized. Moreover, the algorithm introduces a new phase called allocating to reschedule the tasks to meet the requirement of scheduling strategy. We perform rigorous experiments on benchmark as well as synthetic datasets and compare the experimental results by extending two existing multi-cloud scheduling algorithms as per the proposed model. The results clearly indicate that the proposed algorithm outperforms both the algorithms in terms of makespan and average cloud utilization."
}

@techreport{Behrendt2011,
	Author = {Michael Behrendt and Bernard Glasner and Petra Kopp and Robert Dieckmann and Gerd Breiter and Stefan Pappe and Heather Kreger and Ali Arsanjani},
	Institution = {IBM},
	Organization = {IBM},
	Owner = {reich},
	Timestamp = {2012.07.13},
	Title = {Cloud Computing Reference Architecture 2.0},
	Url = {https://www.opengroup.org/cloudcomputing/uploads/40/23840/CCRA.IBMSubmission.02282011.doc},
	Year = {2011},
	Bdsk-Url-1 = {https://www.opengroup.org/cloudcomputing/uploads/40/23840/CCRA.IBMSubmission.02282011.doc}}

@book{Brandic:2009:VFE:1616056.1616063,
	Acmid = {1616063},
	Address = {Berlin, Heidelberg},
	Author = {Brandic, Ivona and Music, Dejan and Leitner, Philipp and Dustdar, Schahram},
	Booktitle = {Proceedings of the 6th International Workshop on Grid Economics and Business Models},
	Doi = {10.1007/978-3-642-03864-8_5},
	Isbn = {978-3-642-03863-1},
	Location = {Delft, The Netherlands},
	Numpages = {14},
	Pages = {60--73},
	Publisher = {Springer-Verlag},
	Series = {GECON '09},
	Title = {VieSLAF Framework: Enabling Adaptive and Versatile SLA-Management},
	Url = {http://dx.doi.org/10.1007/978-3-642-03864-8_5},
	Year = {2009},
	Bdsk-Url-1 = {http://dx.doi.org/10.1007/978-3-642-03864-8_5}}

@misc{DMTF2010,
	Author = {{Distributed Management Task Force}},
	Date = {2013-07-13},
	Lastchecked = {13.07.2013},
	Originalyear = {06.2012},
	Title = {Architecture for Managing Clouds},
	Url = {http://dmtf.org/sites/default/files/standards/documents/DSP-IS0102_1.0.0.pdf},
	Bdsk-Url-1 = {http://dmtf.org/sites/default/files/standards/documents/DSP-IS0102_1.0.0.pdf}}

@misc{fosii,
	Author = {{FOSII Team}},
	Date = {2013-02-17},
	Owner = {reich},
	Timestamp = {2012.07.13},
	Title = {Foundations of Self-Governing ICT Infrastructures Website},
	Url = {http://www.infosys.tuwien.ac.at/linksites/FOSII/index.html},
	Urldate = {2012.02.13},
	Bdsk-Url-1 = {http://www.infosys.tuwien.ac.at/linksites/FOSII/index.html}}


@book{5175897,
	author={M. {Comuzzi} and C. {Kotsokalis} and G. {Spanoudakis} and R. {Yahyapour}},
	booktitle={2009 IEEE International Conference on Web Services},
	title={Establishing and Monitoring SLAs in Complex Service Based Systems},
	year={2009},
	volume={},
	number={},
	pages={783-790},
	keywords={Web services;service level agreement;complex service based systems;service economy;service provisioning;SLA hierarchy;heterogeneous services;SLA management framework;SLA@SOI EU FP7 Integrated Project;Monitoring;Project management;Contracts;Packaging;Software quality;Web services;Instruments;Context-aware services;Runtime;Communication industry;SLA;monitoring;negotiation},
	doi={10.1109/ICWS.2009.47},
	ISSN={},
	month={July},}

@book{5547150,
	author={V. C. {Emeakaroha} and I. {Brandic} and M. {Maurer} and S. {Dustdar}},
	booktitle={2010 International Conference on High Performance Computing Simulation},
	title={Low level Metrics to High level SLAs - LoM2HiS framework: Bridging the gap between monitored metrics and SLA parameters in cloud environments},
	year={2010},
	volume={},
	number={},
	pages={48-54},
	keywords={Internet;low level metric;cloud computing;service level agreement;resource monitoring;FoSII infrastructure;high level SLA management;LoM2HiS;Monitoring;Measurement;Quality of service;Clouds;Java;XML;Web services;Cloud Computing;Resource monitoring;SLA mapping;SLA enforcement;SLA management;Performance evaluation},
	doi={10.1109/HPCS.2010.5547150},
	ISSN={},
	month={June},}

@book{6225938,
	title        = {SALMonADA: A platform for monitoring and explaining violations of WS-agreement-compliant documents},
	author       = {C. {M\"{u}ller} and M. {Oriol} and M. {Rodr\'{\i}guez} and X. {Franch} and J. {Marco} and M. {Resinas} and A. {Ruiz-Cort\'{e}s}},
	year         = 2012,
	month        = jun,
	booktitle    = {2012 4th International Workshop on Principles of Engineering Service-Oriented Systems (PESOS)},
	volume       = {},
	number       = {},
	pages        = {43--49},
	doi          = {10.1109/PESOS.2012.6225938},
	issn         = {2156-793X},
	keywords     = {document handling;quality of service;SALMonADA;explaining violations;monitoring violations;WS-agreement-compliant documents;quality assurance techniques;QoS;service based systems;SBS;service level agreements;SLA;user friendly format;Monitoring;Quality of service;Proposals;Measurement;Scattering;Analytical models;Data mining;monitoring;analysis;violation detection;violation explanation}
}


@article{Dastjerdi:2012:DOA:2275356.2275360,
	author = {Dastjerdi, Amir Vahid and Tabatabaei, Sayed Gholam Hassan and Buyya, Rajkumar},
	title = {A Dependency-aware Ontology-based Approach for Deploying Service Level Agreement Monitoring Services in Cloud},
	journal = {Softw. Pract. Exper.},
	issue_date = {April 2012},
	volume = {42},
	number = {4},
	month = apr,
	year = {2012},
	issn = {0038-0644},
	pages = {501--518},
	numpages = {18},
	url = {http://dx.doi.org/10.1002/spe.1104},
	doi = {10.1002/spe.1104},
	acmid = {2275360},
	publisher = {John Wiley \& Sons, Inc.},
	address = {New York, NY, USA},
	keywords = {Cloud computing, Semantic Web Service, monitoring, service level agreement},
}

@book{5614035,
	author={I. {Brandic} and V. C. {Emeakaroha} and M. {Maurer} and S. {Dustdar} and S. {Acs} and A. {Kertesz} and G. {Kecskemeti}},
	booktitle={2010 IEEE 34th Annual Computer Software and Applications Conference Workshops},
	title={LAYSI: A Layered Approach for SLA-Violation Propagation in Self-Manageable Cloud Infrastructures},
	year={2010},
	volume={},
	number={},
	pages={365-370},
	keywords={contract law;fault tolerant computing;Internet;LAYSI;SLA violation propagation;self manageable cloud infrastructure;cloud computing;resource allocation;service level agreement;autonomic computing;Clouds;Monitoring;Computer architecture;Measurement;Bandwidth;Databases;Variable speed drives;Cloud Computing;SLA management;autonomic computing},
	doi={10.1109/COMPSACW.2010.70},
	ISSN={},
	month={July},}

@book{5610586,
	author={M. {Alhamad} and T. {Dillon} and E. {Chang}},
	booktitle={4th IEEE International Conference on Digital Ecosystems and Technologies},
	title={Conceptual SLA framework for cloud computing},
	year={2010},
	volume={},
	number={},
	pages={606-610},
	keywords={business data processing;contracts;customer services;Web services;conceptual SLA framework;cloud computing;online service;service level agreement;service provider;online contract;negotiation strategy;Clouds;Cloud computing;Measurement;Contracts;Monitoring;Availability;SLA;Negotiation;Cloud computing;Trust management},
	doi={10.1109/DEST.2010.5610586},
	ISSN={2150-4946},
	month={April},}

@book{10.1007/978-3-642-22709-7_46,
	author="Varalakshmi, P.
	and Priya, K. H.
	and Pradeepa, J.
	and Perumal, V.",
	editor="Abraham, Ajith
	and Lloret Mauri, Jaime
	and Buford, John F.
	and Suzuki, Junichi
	and Thampi, Sabu M.",
	title="SLA with Dual Party Beneficiality in Distributed Cloud",
	booktitle="Advances in Computing and Communications",
	year="2011",
	publisher="Springer Berlin Heidelberg",
	address="Berlin, Heidelberg",
	pages="471--479",
	abstract="Service Level Agreement paves the way to maintain a cordial and a conflict free relationship between the service provider and the service customer. This is done by negotiating with the respected parties and finally agreeing upon an agreement. This agreement called as Service Level Agreement (SLA). The proposed solution deals with negotiation process and SLA formation, grouping of leases as classes and scheduling the lease execution making use of High Aggregate Penalty Class (HAPC) algorithm. With the proposed system, the consumer's QoS parameters like waiting time is reduced, and the system parameters - makespan is improved. Also the provider is able to get the payment in installments on time.",
	isbn="978-3-642-22709-7"
}



@book{Wieder2011,
	Author = {Happe, J. and Theilmann, W. and Edmonds, A. and Kearney, K.T.},
	Chapter = {A Reference Architecture for Multi-Level SLA Management},
	Editor = {Wieder, P. and Butler, J.M.and Theilmann, W. and Yahyapour, R.},
	Owner = {reich},
	Pages = {13-26},
	Publisher = {Springer-Verlag},
	Timestamp = {2012.07.26},
	Title = {Service Level Agreements for Cloud Computing},
	Year = {2011}}

@techreport{SC38StudyGroup2011,
	Author = {{ISO/IEC JTC 1/SC 38 Study Group}},
	Institution = {International Organization for Standardization},
	Owner = {reich},
	Timestamp = {2012.07.13},
	Title = {Study Group Report on Cloud Computing},
	Url = {http://isotc.iso.org/livelink/livelink/fetch/-8913189/8913214/8913373/Study_Group_on_Cloud_Computing_final_report.pdf?nodeid=12096352&vernum=-2},
	Year = {2011},
	Bdsk-Url-1 = {http://isotc.iso.org/livelink/livelink/fetch/-8913189/8913214/8913373/Study_Group_on_Cloud_Computing_final_report.pdf?nodeid=12096352&vernum=-2}}

@article{Kearney2011b,
	Author = {Keven T. Kearney and Francesco Torelli and Constantinos Kotsokalis},
	Doi = {10.1109/GRID.2010.5697973},
	Journal = {11th IEEE/ACM International Conference on Grid Computing},
	Owner = {reich},
	Pages = {217-224},
	Timestamp = {2012.07.13},
	Title = {SLA*: An Abstract Syntax for Service Level Agreements},
	Url = {http://ieeexplore.ieee.org/stamp/stamp.jsp?tp=&arnumber=5697973},
	Year = {2011},
	Bdsk-Url-1 = {http://ieeexplore.ieee.org/stamp/stamp.jsp?tp=&arnumber=5697973},
	Bdsk-Url-2 = {http://dx.doi.org/10.1109/GRID.2010.5697973}}

@techreport{Khasnabish2010,
	Author = {B. Khasnabish and J. Chu and S. Ma and Y. Meng and N. So and P. Unbehagen},
	Institution = {Internet Engineering Task Force},
	Organization = {Internet Engineering Task Force},
	Owner = {reich},
	Timestamp = {2012.07.13},
	Title = {Cloud Reference Framework},
	Url = {http://tools.ietf.org/html/draft-khasnabish-cloud-reference-framework-00},
	Year = {2010},
	Bdsk-Url-1 = {http://tools.ietf.org/html/draft-khasnabish-cloud-reference-framework-00}}

@book{Lawrence:2010:USL:2050107.2050112,
	Acmid = {2050112},
	Address = {Berlin, Heidelberg},
	Author = {Lawrence, Andy and Djemame, Karim and W\"{a}ldrich, Oliver and Ziegler, Wolfgang and Zsigri, Csilla},
	Booktitle = {Proceedings of the 2010 international conference on Towards a service-based internet},
	Isbn = {978-3-642-22759-2},
	Location = {Ghent, Belgium},
	Numpages = {12},
	Pages = {38--49},
	Publisher = {Springer-Verlag},
	Series = {ServiceWave'10},
	Title = {Using service level agreements for optimising cloud infrastructure services},
	Url = {http://dl.acm.org/citation.cfm?id=2050107.2050112},
	Year = {2011},
	Bdsk-Url-1 = {http://dl.acm.org/citation.cfm?id=2050107.2050112}}

@techreport{Liu2011,
	Author = {Liu, F. and Tong, J. and Mao, J. and Bohn, R. B. and Messina, J. V. and Badger, M. L. and Leaf, D. M.},
	Institution = {National Institute of Standards and Technology},
	Organization = {National Institute of Standards and Technology},
	Owner = {reich},
	Timestamp = {2012.07.13},
	Title = {NIST Cloud Computing Reference Architecture},
	Url = {http://www.nist.gov/customcf/get_pdf.cfm?pub_id=909505},
	Year = {2011},
	Bdsk-Url-1 = {http://www.nist.gov/customcf/get_pdf.cfm?pub_id=909505}}

@misc{Ludwig03WSLA,
	Author = {Ludwig, Heiko and Keller, Alexander and Dan, Asit and King, Richard P. and Franck, Richard},
	Citeulike-Article-Id = {327756},
	Citeulike-Linkout-0 = {http://www.research.ibm.com/wsla/WSLASpecV1-20030128.pdf},
	Keywords = {bibtex-import},
	Month = jan,
	Posted-At = {2005-09-21 06:42:21},
	Title = {{Web Service Level Agreement (WSLA) Language Specification, v1.0}},
	Url = {http://www.research.ibm.com/wsla/WSLASpecV1-20030128.pdf},
	Year = {2003},
	Bdsk-Url-1 = {http://www.research.ibm.com/wsla/WSLASpecV1-20030128.pdf}}

@book{Spillner2009,
	Acmid = {1567958},
	Address = {Berlin, Heidelberg},
	Author = {Spillner, Josef and Winkler, Matthias and Reichert, Sandro and Cardoso, Jorge and Schill, Alexander},
	Booktitle = {Proceedings of the 9th IFIP WG 6.1 International Conference on Distributed Applications and Interoperable Systems},
	Doi = {http://dx.doi.org/10.1007/978-3-642-02164-0_10},
	Isbn = {978-3-642-02163-3},
	Location = {Lisbon, Portugal},
	Numpages = {14},
	Pages = {129--142},
	Publisher = {Springer-Verlag},
	Series = {DAIS '09},
	Title = {Distributed Contracting and Monitoring in the Internet of Services},
	Url = {http://dx.doi.org/10.1007/978-3-642-02164-0_10},
	Year = {2009},
	Bdsk-Url-1 = {http://dx.doi.org/10.1007/978-3-642-02164-0_10}}

@mastersthesis{Teckelmann2012,
	Author = {Ralf Teckelmann},
	Owner = {reich},
	School = {Hochschule Furtwangen University},
	Timestamp = {2012.07.28},
	Title = {Service Level Objective Agreements Format zur Adaption von dynamischen SLAs in CloudIA},
	Year = {2012}}

@article{neural1,
	Author = {Adya, M. and Collopy, F.},
	Date-Added = {2014-05-22 08:44:51 +0000},
	Date-Modified = {2014-05-22 09:04:12 +0000},
	Journal = {Journal of Forecasting - Special Issue: Neural Networks and Financial Economics},
	Keywords = {doi: 10.1002/(SICI)1099-131X(1998090)17:5/6<481::AID-FOR709>3.0.CO;2-Q},
	Month = {September},
	Number = {5-6},
	Pages = {481-495},
	Read = {1},
	Title = {How effective are neural networks at forecasting and prediction? A review and evaluation},
	Volume = {17},
	Year = {1998}}

@book{Patel2009ServiceLA,
	title={Service Level Agreement in Cloud Computing},
	author={Pankesh Patel and Ajith Ranabahu and Amit Sheth},
	year={2009}
}


@book{Kubert:2011:RIW:1967428.1967444,
	author = {K\"{u}bert, Roland and Katsaros, Gregory and Wang, Tinghe},
	title = {A RESTful Implementation of the WS-agreement Specification},
	booktitle = {Proceedings of the Second International Workshop on RESTful Design},
	series = {WS-REST '11},
	year = {2011},
	isbn = {978-1-4503-0623-2},
	location = {Hyderabad, India},
	pages = {67--72},
	numpages = {6},
	url = {http://doi.acm.org/10.1145/1967428.1967444},
	doi = {10.1145/1967428.1967444},
	acmid = {1967444},
	publisher = {ACM},
	address = {New York, NY, USA},
}

@book{Mueller2012,
  author    = {C. {Müller} and M. {Oriol} and M. {Rodríguez} and X. {Franch} and J. {Marco} and M. {Resinas} and A. {Ruiz-Cortés}},
  title     = {SALMonADA: A platform for monitoring and explaining violations of WS-agreement-compliant documents},
  booktitle = {2012 4th International Workshop on Principles of Engineering Service-Oriented Systems (PESOS)},
  year      = {2012},
  month     = {June},
  pages     = {43-49},
  doi       = {10.1109/PESOS.2012.6225938},
  issn      = {2156-793X},
  keywords  = {document handling;quality of service;SALMonADA;explaining violations;monitoring violations;WS-agreement-compliant documents;quality assurance techniques;QoS;service based systems;SBS;service level agreements;SLA;user friendly format;Monitoring;Quality of service;Proposals;Measurement;Scattering;Analytical models;Data mining;monitoring;analysis;violation detection;violation explanation},
}

@book{5739040,
	author={A. {Kertesz} and G. {Kecskemeti} and I. {Brandic}},
	booktitle={2011 19th International Euromicro Conference on Parallel, Distributed and Network-Based Processing},
	title={Autonomic SLA-Aware Service Virtualization for Distributed Systems},
	year={2011},
	volume={},
	number={},
	pages={503-510},
	keywords={cloud computing;fault tolerant computing;open systems;service-oriented architecture;autonomic SLA-aware service virtualization architecture;distributed system;cloud computing;adaptive interoperation;service level agreement;service brokering;on-demand deployment;agreement negotiation;Computer architecture;Virtual machining;Computational modeling;Manganese;Variable speed drives;Cloud computing;Protocols;Cloud Computing;SLA-negotiation;Service Brokering;On-demand deployment},
	doi={10.1109/PDP.2011.17},
	ISSN={1066-6192},
	month={Feb},}

@book{6076508,
	author={A. {Undheim} and A. {Chilwan} and P. {Heegaard}},
	booktitle={2011 IEEE/ACM 12th International Conference on Grid Computing},
	title={Differentiated Availability in Cloud Computing SLAs},
	year={2011},
	volume={},
	number={},
	pages={129-136},
	keywords={cloud computing;fault tolerant computing;virtual machines;cloud computing SLA;service delivery;cloud data center;failure rate;fault-tolerance technique;virtual machine;Availability;Fault tolerance;Fault tolerant systems;Cloud computing;Hardware;Data models;Availability;cloud;differentiation;SLA},
	doi={10.1109/Grid.2011.25},
	ISSN={2152-1093},
	month={Sep.},}

@book{6212007,
	author={T. A. L. {Genez} and L. F. {Bittencourt} and E. R. M. {Madeira}},
	booktitle={2012 IEEE Network Operations and Management Symposium},
	title={Workflow scheduling for SaaS / PaaS cloud providers considering two SLA levels},
	year={2012},
	volume={},
	number={},
	pages={906-912},
	keywords={cloud computing;integer programming;linear programming;resource allocation;scheduling;workflow management software;workflow scheduling;SaaS cloud providers;PaaS cloud providers;SLA levels;cloud computing;maintenance cost avoidance;upfront investment;computational power;pay-per-use basis;software provider;platform provider;infrastructure provider;IaaS;computational infrastructure;computational resources;integer linear program formulation;ILP;Cloud computing;Scheduling;Quality of service;Contracts;Scheduling algorithms;Computational modeling},
	doi={10.1109/NOMS.2012.6212007},
	ISSN={2374-9709},
	month={April},}

@article{WANG20121135,
	title = "An adaptive model-free resource and power management approach for multi-tier cloud environments",
	journal = "Journal of Systems and Software",
	volume = "85",
	number = "5",
	pages = "1135 - 1146",
	year = "2012",
	issn = "0164-1212",
	doi = "https://doi.org/10.1016/j.jss.2011.12.043",
	url = "http://www.sciencedirect.com/science/article/pii/S0164121211003244",
	author = "Xiaoying Wang and Zhihui Du and Yinong Chen",
	keywords = "Cloud environment, Adaptive model-free approach, Resource management, Power management",
	abstract = "With the development of cloud environments serving as a unified infrastructure, the resource management and energy consumption issues become more important in the operations of such systems. In this paper, we investigate adaptive model-free approaches for resource allocation and energy management under time-varying workloads and heterogeneous multi-tier applications. Specifically, we make use of measurable metrics, including throughput, rejection amount, queuing state, and so on, to design resource adjustment schemes and to make control decisions adaptively. The ultimate objective is to guarantee the summarized revenue of the resource provider while saving energy and operational costs. To validate the effectiveness, performance evaluation experiments are performed in a simulated environment, with realistic workloads considered. Results show that with the combination of long-term adaptation and short-term adaptation, the fluctuation of unpredictable workloads can be captured, and thus the total revenue can be preserved while balancing the power consumption as needed. Furthermore, the proposed approach can achieve better effect and efficiency than the model-based approaches in dealing with real-world workloads."
}

@book{6150077,
	author={H. {Liu} and D. {Xu} and H. K. {Miao}},
	booktitle={2011 First ACIS International Symposium on Software and Network Engineering},
	title={Ant Colony Optimization Based Service Flow Scheduling with Various QoS Requirements in Cloud Computing},
	year={2011},
	volume={},
	number={},
	pages={53-58},
	keywords={ant colony optimisation;cloud computing;formal specification;quality of service;scheduling;system monitoring;ant colony optimization;QoS requirements;cloud computing;workflow scheduling;job scheduling;service flow scheduling optimization;cloud service provider;service level agreement;SLA monitoring module;cloud service running state monitoring;Cloud computing;Quality of service;Reliability;Processor scheduling;Security;Schedules;Optimization;Cloud Computing;ant colony optimization (ACO);Cloud service;Service level agreement;Service flow scheduling},
	doi={10.1109/SSNE.2011.18},
	ISSN={},
	month={Dec},}

@techreport{LapedesFarber87,
	Address = {Los Alamos, NM},
	Author = {Lapedes, A. and Farber, R.},
	Institution = {Los Alamos National Laboratory},
	Keywords = {algorithms},
	Number = {LA-UR-87-2662},
	Posted-At = {2011-10-19 04:49:13},
	Priority = {2},
	Title = {{Nonlinear Signal Processing Using Neural Networks: Prediction and System Modelling}},
	Year = {1987}}

@article{Zhang199835,
	Author = {Guoqiang Zhang and B. Eddy Patuwo and Michael Y. Hu},
	Issn = {0169-2070},
	Journal = {International Journal of Forecasting},
	Keywords = {Forecasting},
	Number = {1},
	Pages = {35-62},
	Title = {Forecasting with artificial neural networks: The state of the art},
	Volume = {14},
	Year = {1998}}

@article{Langella2010328,
	Author = {G. Langella and A. Basile and A. Bonfante and F. Terribile},
	Issn = {0022-1694},
	Journal = {Journal of Hydrology},
	Keywords = {Spatial map},
	Number = {3--4},
	Pages = {328-342},
	Title = {High-resolution space--time rainfall analysis using integrated \{ANN\} inference systems},
	Volume = {387},
	Year = {2010}}

@article{Buizza,
	Author = {Taylor, J.W. and Buizza, R.},
	Doi = {10.1109/TPWRS.2002.800906},
	Issn = {0885-8950},
	Journal = {Power Systems, IEEE Transactions on},
	Keywords = {load forecasting; estimationWeather forecasting},
	Month = {Aug},
	Number = {3},
	Pages = {626-632},
	Title = {Neural network load forecasting with weather ensemble predictions},
	Volume = {17},
	Year = {2002},
	Bdsk-Url-1 = {http://dx.doi.org/10.1109/TPWRS.2002.800906}}

@article{Roebber,
	Annote = {doi: 10.1175/WAF1000.1},
	Author = {Roebber, Paul J. and Butt, Melissa R. and Reinke, Sarah J. and Grafenauer, Thomas J.},
	Booktitle = {Weather and Forecasting},
	Da = {2007/06/01},
	Date = {2007/06/01},
	Date-Added = {2014-07-15 16:04:26 +0000},
	Date-Modified = {2014-07-15 16:04:46 +0000},
	Doi = {10.1175/WAF1000.1},
	Isbn = {0882-8156},
	Journal = {Weather and Forecasting},
	Journal1 = {Wea. Forecasting},
	M3 = {doi: 10.1175/WAF1000.1},
	Month = {2014/07/15},
	Number = {3},
	Pages = {676-684},
	Publisher = {American Meteorological Society},
	Title = {Real-Time Forecasting of Snowfall Using a Neural Network},
	Ty = {JOUR},
	Volume = {22},
	Year = {2007},
	Year1 = {2007},
	Bdsk-Url-1 = {http://dx.doi.org/10.1175/WAF1000.1}}

@article{Pattie1996151,
	Author = {Douglas C Pattie and John Snyder},
	Issn = {0160-7383},
	Journal = {Annals of Tourism Research},
	Keywords = {validation},
	Number = {1},
	Pages = {151-164},
	Title = {Using a neural network to forecast visitor behavior},
	Volume = {23},
	Year = {1996}}

@article{Park76685,
	Author = {Park, D.C. and El-Sharkawi, M.A and Marks, R.J., II and Atlas, L.E. and Damborg, M.J.},
	Doi = {10.1109/59.76685},
	Issn = {0885-8950},
	Journal = {Power Systems, IEEE Transactions on},
	Keywords = {load forecasting;Training data;Weather forecasting},
	Month = {May},
	Number = {2},
	Pages = {442-449},
	Title = {Electric load forecasting using an artificial neural network},
	Volume = {6},
	Year = {1991},
	Bdsk-Url-1 = {http://dx.doi.org/10.1109/59.76685}}

@article{Hippert910780,
	Author = {Hippert, H.S. and Pedreira, C.E. and Souza, R.C.},
	Doi = {10.1109/59.910780},
	Issn = {0885-8950},
	Journal = {Power Systems, IEEE Transactions on},
	Keywords = {load forecasting;neural nets;power system analysis supply industry;Load forecasting;Multi-layer neural network;Neural networks;Predictive models;Testing},
	Month = {Feb},
	Number = {1},
	Pages = {44-55},
	Title = {Neural networks for short-term load forecasting: a review and evaluation},
	Volume = {16},
	Year = {2001},
	Bdsk-Url-1 = {http://dx.doi.org/10.1109/59.910780}}

@article{Bodyanskiy20061357,
	Author = {Yevgeniy Bodyanskiy and Sergiy Popov},
	Issn = {0377-2217},
	Journal = {European Journal of Operational Research},
	Keywords = {Combining of forecasts},
	Number = {3},
	Pages = {1357-1366},
	Title = {Neural network approach to forecasting of quasiperiodic financial time series},
	Volume = {175},
	Year = {2006}}

@article{McAdam2005848,
	Author = {Peter McAdam and Paul McNelis},
	Issn = {0264-9993},
	Journal = {Economic Modelling},
	Keywords = {Bootstrap},
	Number = {5},
	Pages = {848-867},
	Title = {Forecasting inflation with thick models and neural networks},
	Volume = {22},
	Year = {2005}}

@article{Kaastra1996215,
	Author = {Iebeling Kaastra and Milton Boyd},
	Issn = {0925-2312},
	Journal = {Neurocomputing},
	Keywords = {Momentum and forecast evaluation criteria},
	Note = {Financial Applications, Part II},
	Number = {3},
	Pages = {215-236},
	Title = {Designing a neural network for forecasting financial and economic time series},
	Volume = {10},
	Year = {1996}}

@article{Vukicevic2014,
	Author = {Arso M. Vukicevic and Gordana R. Jovicic and Miroslav M. Stojadinovic and Rade I. Prelevic and Nenad D. Filipovic},
	Issn = {0957-4174},
	Journal = {Expert Systems with Applications},
	Keywords = {Bladder cancerExpert SystemsArtificial Neural NetworkGenetic AlgorithmsRegret Theory},
	Title = {Evolutionary assembled neural networks for making medical decisions with minimal regret: Application for predicting advanced bladder cancer outcome},
	Year = {2014}}

@article{Arizmendi20145296,
	Author = {Carlos Arizmendi and Daniel A. Sierra and Alfredo Vellido and Enrique Romero},
	Issn = {0957-4174},
	Journal = {Expert Systems with Applications},
	Keywords = {Bayesian Neural Networks},
	Number = {11},
	Pages = {5296-5307},
	Title = {Automated classification of brain tumours from short echo time in vivo MRS data using Gaussian Decomposition and Bayesian Neural Networks},
	Volume = {41},
	Year = {2014}}

@article{Hornik1991251,
	Author = {Kurt Hornik},
	Issn = {0893-6080},
	Journal = {Neural Networks},
	Keywords = {Smooth approximation},
	Number = {2},
	Pages = {251-257},
	Title = {Approximation capabilities of multilayer feedforward networks},
	Volume = {4},
	Year = {1991}}

@article{Guresen201110389,
	Author = {Erkam Guresen and Gulgun Kayakutlu and Tugrul U. Daim},
	Issn = {0957-4174},
	Journal = {Expert Systems with Applications},
	Keywords = {Hybrid forecasting models},
	Number = {8},
	Pages = {10389-10397},
	Title = {Using artificial neural network models in stock market index prediction},
	Volume = {38},
	Year = {2011}}

@article{Hornik1989359,
	Author = {Kurt Hornik and Maxwell Stinchcombe and Halbert White},
	Issn = {0893-6080},
	Journal = {Neural Networks},
	Keywords = {Back-propagation networks},
	Number = {5},
	Pages = {359-366},
	Title = {Multilayer feedforward networks are universal approximators},
	Volume = {2},
	Year = {1989}}

@article{Zhang20011183,
	Author = {Guoqiang Peter Zhang},
	Issn = {0305-0548},
	Journal = {Computers and Operations Research},
	Number = {12},
	Pages = {1183-1202},
	Title = {An investigation of neural networks for linear time-series forecasting},
	Volume = {28},
	Year = {2001}}

@book{Fahlman90thecascade-correlation,
	Author = {Scott E. Fahlman and Christian Lebiere},
	Booktitle = {Advances in Neural Information Processing Systems 2},
	Pages = {524-532},
	Publisher = {Morgan Kaufmann},
	Title = {The cascade-correlation learning architecture},
	Year = {1990}}

@book{Rumelhart:1986:LIR:104279.104293,
	Acmid = {104293},
	Address = {Cambridge, MA, USA},
	Author = {Rumelhart, D. E. and Hinton, G. E. and Williams, R. J.},
	Chapter = {Learning Internal Representations by Error Propagation},
	Date = {1986-01-01},
	Ean = {9780262680530},
	Editor = {Rumelhart, David E. and McClelland, James L. and PDP Research Group, CORPORATE},
	Isbn = {0-262-68053-X},
	Numpages = {45},
	Pages = {318-362},
	Pagetotal = {567},
	Publisher = {MIT Press},
	Title = {Parallel Distributed Processing: Explorations in the Microstructure of Cognition, Vol. 1},
	Url = {http://dl.acm.org/citation.cfm?id=104279.104293},
	Year = {1986},
	Bdsk-Url-1 = {http://dl.acm.org/citation.cfm?id=104279.104293}}

@book{CloudProvisioning,
	Author = {Calheiros, R.N. and Ranjan, R. and Buyya, R.},
	Booktitle = {Parallel Processing (ICPP), 2011 International Conference on},
	Doi = {10.1109/ICPP.2011.17},
	Issn = {0190-3918},
	Keywords = {cloud computing;quality of service;software performance evaluation;virtual machines;analytical performance;application provisioner;cloud based IT resources;cloud computing environments;performance modeling;quality of services;system administration details;virtual machine provisioning;virtualized IT resources;workload modeling;Analytical models;Computational modeling;Load modeling;Predictive models;Quality of service;Time factors;Virtual machining;Analytical Performance;Cloud Computing;Quality of Service;Virtual Machine Provisioning},
	Month = {Sept},
	Pages = {295-304},
	Title = {Virtual Machine Provisioning Based on Analytical Performance and QoS in Cloud Computing Environments},
	Year = {2011},
	Bdsk-Url-1 = {http://dx.doi.org/10.1109/ICPP.2011.17}}

@misc{slasoi2011,
	Howpublished = {Online},
	Owner = {reich},
	Timestamp = {2012.07.13},
	Title = {{SLA@SOI} Projekt Website},
	Url = {http://sla-at-soi.eu/},
	Urldate = {2012.02.13},
	Bdsk-Url-1 = {http://sla-at-soi.eu/}}

@misc{slasoisrc,
	Howpublished = {Online},
	Owner = {reich},
	Timestamp = {2012.07.13},
	Title = {{SLA@SOI} Framework Alpha},
	Url = {http://sourceforge.net/projects/sla-at-soi/files/},
	Urldate = {2012.01.17},
	Bdsk-Url-1 = {http://sourceforge.net/projects/sla-at-soi/files/}}

@misc{slasoiwiki,
	Howpublished = {Online},
	Owner = {reich},
	Timestamp = {2012.07.13},
	Title = {{SLA@SOI}: {SLA} Model: The Model},
	Url = {http://sourceforge.net/apps/trac/sla-at-soi/wiki/SLA%20Model%20%3A%20The%20Model},
	Urldate = {2012.01.12},
	Bdsk-Url-1 = {http://sourceforge.net/apps/trac/sla-at-soi/wiki/SLA%20Model%20%3A%20The%20Model}}

@book{TheBigSwitch,
	Address = {ISBN 978-3-8266-5508-1},
	Author = {Carr, Nicholas G.},
	Date-Added = {2014-09-27 22:45:11 +0000},
	Date-Modified = {2014-09-27 22:53:14 +0000},
	Edition = {1st},
	Publisher = {Heidelberg: Mitp},
	Title = {The Big Switch: Der grosse Wandel - Die Vernetzung der Welt von Edison bis Google},
	Year = {2009}}

@misc{ASLAMaaS,
	Author = {HFU Cloud Research Lab - Autonomic SLA Management as a Service Project Website},
	Date = {date},
	Date-Modified = {2014-09-27 22:49:14 +0000},
	Note = {[Accessed: 25. 07. 2014]},
	Optdate = {2014},
	Url = {http://wolke.hs-furtwangen.de/currentprojects/aslamaas},
	Year = {2014},
	Bdsk-Url-1 = {http://wolke.hs-furtwangen.de/currentprojects/aslamaas}}

@book{Gillett:1997:SIC:275025.275027,
	Acmid = {275027},
	Address = {Cambridge, MA, USA},
	Author = {Gillett, Sharon Eisner and Kapor, Mitchell},
	Chapter = {The Self-Governing Internet: Coordination by Design},
	Isbn = {0-262-61136-8},
	Numpages = {36},
	Pages = {3--38},
	Publisher = {The Self-Governing Internet: Coordination by Design, MIT Press, pp. 3 - 38},
	Title = {Coordinating the Internet},
	Year = {1997}}

@book{MIT-TechRev,
	Author = {Regalado, Antonio},
	Date-Modified = {2014-09-27 22:49:14 +0000},
	Note = {[Accessed: 24. 06. 2014]},
	Optdate = {2014},
	Publisher = {MIT Technology Review Business in the Cloud},
	Title = {Who Coined 'Cloud Computing'?},
	Url = {http://www.technologyreview.com/news/425970/who-coined-cloud-computing},
	Year = {2011},
	Bdsk-Url-1 = {http://www.technologyreview.com/news/425970/who-coined-cloud-computing}}

@book{NIST,
	Author = {Peter, Mell and Timothy, Grance},
	Note = {[Accessed: 24. 04. 2014]},
	Publisher = {National Institute of Standards and Technology},
	Title = {The NIST Definition of Cloud Computing,},
	Url = {http://csrc.nist.gov/publications/nistpubs/800-145/SP800-145.pdf},
	Year = {2011},
	Bdsk-Url-1 = {http://csrc.nist.gov/publications/nistpubs/800-145/SP800-145.pdf}}

@book{NISTArch,
	Author = {Fang Liu; Jin Tong; Jian Mao; Robert B. Bohn; John V. Messina; Mark L. Badger; Dawn M. Leaf;},
	Note = {[Accessed: 24. 06. 2014]},
	Publisher = {National Institute of Standards and Technology},
	Title = {NIST Cloud Computing Reference Architecture},
	Url = {http://www.nist.gov/manuscript-publication-search.cfm?pub_id=909505},
	Year = {2011},
	Bdsk-Url-1 = {http://www.nist.gov/manuscript-publication-search.cfm?pub_id=909505}}

@misc{Gartner,
	Author = {{Gartner Research Group - Hype Cycles 2014}},
	Note = {[Accessed: 25. 08. 2014]},
	Optdate = {2014},
	Url = {http://www.gartner.com/technology/research/hype-cycles/},
	Year = {2014},
	Bdsk-Url-1 = {http://www.gartner.com/technology/research/hype-cycles/}}

@misc{rackspace15,
	Author = {{Rackspace Ltd - Compare Service Levels}},
	Note = {Website, {http://www.rackspace.co.uk/managed-cloud/compare-service-levels}, [Accessed: 25. 08. 2015]},
	Optdate = {2015},
	Url = {http://www.rackspace.co.uk/managed-cloud/compare-service-levels},
	Year = {2015},
	Bdsk-Url-1 = {http://www.rackspace.co.uk/managed-cloud/compare-service-levels}}

@misc{icloud,
	Author = {The Guardian- Naked celebrity hack: security experts focus on iCloud backup theory},
	Note = {[Accessed: 23. 10. 2014]},
	Optdate = {2014},
	Url = {	http://www.theguardian.com/technology/2014/sep/01/naked-celebrity-hack-icloud-backup-jennifer-lawrence},
	Year = {2014},
	Bdsk-Url-1 = {%09http://www.theguardian.com/technology/2014/sep/01/naked-celebrity-hack-icloud-backup-jennifer-lawrence}}

@misc{crisp,
	Author = {Crisp Research AG - Cloud Computing Trends 2015},
	Note = {[Accessed: 02. 10. 2015]},
	Optdate = {2015},
	Url = {http://www.crisp-research.com/die-wichtigsten-cloud-computing-trends-2015-teil-1/},
	Year = {2015},
	Bdsk-Url-1 = {http://www.crisp-research.com/die-wichtigsten-cloud-computing-trends-2015-teil-1/}}

@misc{EC2SLA,
	Author = {{Amazon EC2 Service Level Agreement}},
	Note = {[Accessed: 02. 05. 2015]},
	Optdate = {2013},
	Url = {http://aws.amazon.com/de/ec2/sla/},
	Year = {2013},
	Bdsk-Url-1 = {http://aws.amazon.com/de/ec2/sla/}}

@misc{CloudSLAwhite,
	Author = {Dimension Data},
	Note = {[Accessed: 02. 05. 2015]},
	Optdate = {2013},
	Title = {Comparing Public Cloud Service Level Agreements},
	Url = {	http://cloud.dimensiondata.com/sites/default/files/comparing_public_cloud_service_level_agreements_0_0.pdf},
	Year = {2013},
	Bdsk-Url-1 = {%09http://cloud.dimensiondata.com/sites/default/files/comparing_public_cloud_service_level_agreements_0_0.pdf}}

@article{Baset:2012:CSP:2331576.2331586,
	Acmid = {2331586},
	Address = {New York, NY, USA},
	Author = {Baset, Salman A.},
	Doi = {10.1145/2331576.2331586},
	Issn = {0163-5980},
	Issue_Date = {July 2012},
	Journal = {SIGOPS Oper. Syst. Rev.},
	Month = jul,
	Number = {2},
	Numpages = {10},
	Pages = {57--66},
	Publisher = {ACM},
	Title = {Cloud SLAs: Present and Future},
	Url = {http://doi.acm.org/10.1145/2331576.2331586},
	Volume = {46},
	Year = {2012},
	Bdsk-Url-1 = {http://doi.acm.org/10.1145/2331576.2331586},
	Bdsk-Url-2 = {http://dx.doi.org/10.1145/2331576.2331586}}

@incollection{EC2,
	Author = {Amazon Elastic Compute Cloud (Amazon EC2)},
	Bdsk-Url-1 = {		http://aws.amazon.com/de/about-aws/whats-new/2006/08/24/announcing-amazon-elastic-compute-cloud-amazon-ec2---beta},
	Date-Modified = {2014-09-27 22:49:14 +0000},
	Note = {[Accessed: 22. 06. 2014]},
	Optdate = {2014},
	Url = {		http://aws.amazon.com/de/about-aws/whats-new/2006/08/24/announcing-amazon-elastic-compute-cloud-amazon-ec2---beta},
	Year = {2006},
	Bdsk-Url-2 = {%09%09http://aws.amazon.com/de/about-aws/whats-new/2006/08/24/announcing-amazon-elastic-compute-cloud-amazon-ec2---beta}}

@incollection{ISOnew,
	Author = {International Organization for Standardization - ISO/IEC NP 19086-2 Information technology -- Cloud computing -- Service level agreement (SLA) framework and Technology -- Part 2: Metrics},
	Bdsk-Url-1 = {		http://www.iso.org/iso/home/store/catalogue_tc/catalogue_detail.htm?csnumber=67546},
	Date-Modified = {2014-09-27 22:49:14 +0000},
	Note = {[Accessed: 22. 09. 2014]},
	Optdate = {2014},
	Url = {		http://www.iso.org/iso/home/store/catalogue_tc/catalogue_detail.htm?csnumber=67546},
	Year = {2014},
	Bdsk-Url-2 = {%09%09http://www.iso.org/iso/home/store/catalogue_tc/catalogue_detail.htm?csnumber=67546}}

@book{GuideToCC,
	Author = {Maxwell Cooter and Cloud Pro},
	Isbn = {978-1781-0609-26},
	Publisher = {Dennis Publishing},
	Title = {The Ultimate Guide to Cloud Computing},
	Year = {2011}}

@book{Informs,
	Author = {Ramnath K. Chellappa},
	Publisher = {In INFORMS Dallas 1997, Cluster: Electronic Commerce, Dallas, Texas,},
	Title = {Intermediaries in cloud-computing: A new computing paradigm},
	Year = {1997}}

@book{MAPE-K,
	Author = {Edson Manoel and	Morten Jul Nielsen and Abdi Salahshour and Sai Sampath K.V.L. and Sanjeev Sudarshanan},
	Isbn = {978-0738-4911-10},
	Publisher = {IBM Redbooks},
	Title = {Problem Determination Using Self-Managing Autonomic Technology},
	Year = {2005}}

@book{A-SLO-A,
	Author = {Frey, S. and L\"uthje, C. and Teckelmann, R. and Reich, C.},
	Isbn = {978-989-8565-52-5},
	Publisher = {CLOSER 2013, pp. 457-462, SciTePress},
	Title = {Adaptable Service Level Objective Agreement (A-SLO-A) for Cloud Services},
	Year = {2013}}

@book{Anomaly2,
	Author = {Animesh Patcha and Jung-Min Park},
	Doi = {http://dx.doi.org/10.1016/j.comnet.2007.02.001},
	Keywords = {Data mining},
	Pages = {3448 - 3470},
	Publisher = {Computer Networks, Volume 51, Number 21},
	Title = {An overview of anomaly detection techniques: Existing solutions and latest technological trends},
	Url = {http://www.sciencedirect.com/science/article/pii/S138912860700062X},
	Year = {2007},
	Bdsk-Url-1 = {http://www.sciencedirect.com/science/article/pii/S138912860700062X},
	Bdsk-Url-2 = {http://dx.doi.org/10.1016/j.comnet.2007.02.001}}

@book{VM,
	Author = {IBM},
	Isbn = {978-0-7384-3893-1},
	Publisher = {IBM Redbooks},
	Title = {The Virtualization Cookbook for IBM z/VM 6.3, RHEL 6.4, and SLES 11 SP3},
	Year = {2014}}

@book{CloudSec,
	Author = {T. Mather, S. Kumaraswamy, and S. Latif},
	Isbn = {978-0-5968-0276-9},
	Publisher = {O'Reilly Media},
	Title = {Cloud Security and Privacy: An Enterprise Perspective on Risks and Compliance},
	Year = {2009}}

@misc{BITKOM,
	Author = {BITKOM - Cloud Monitor 2014},
	Note = {[Accessed: 18. 08. 2014]},
	Optdate = {2014},
	Url = {http://www.bitkom.org/de/presse/30739_78524.aspx},
	Year = {2014},
	Bdsk-Url-1 = {http://www.bitkom.org/de/presse/30739_78524.aspx}}

@Misc{Juniper,
  author     = {Juniper Research},
  title      = {Cloud Computing - Consumer Markets - Strategies \& Forecasts 2014-2018},
  year       = {2014},
  note       = {[Accessed: 12. 08. 2014]},
  url        = {http://www.juniperresearch.com/reports.php?id=739},
  bdsk-url-1 = {http://www.juniperresearch.com/reports.php?id=739},
  optdate    = {2014},
}

@book{fuzzyQoS,
	Author = {Frey, S. and Luthje, C. and Reich, C. and Clarke, N.},
	Booktitle = {Cloud Engineering (IC2E), 2014 IEEE International Conference on},
	Doi = {10.1109/IC2E.2014.30},
	Keywords = {cloud computing;contracts;fuzzy logic;quality of experience;resource allocation;QoS characteristics;SLA;cloud QoS scaling;cloud infrastructures;cloud resources;cloud services;contract;down scaling mechanism;fuzzy logic;performance load;performance prediction model;quality of service characteristics;resource utilization;service level agreement;up scaling mechanism;Clouds;Fuzzy control;Fuzzy logic;Load modeling;Meteorology;Quality of service;Time factors;Cloud Computing;Elasticity;Fuzzy Logic;QoS;SLA;Scaling Service},
	Month = {March},
	Pages = {343-348},
	Title = {Cloud QoS Scaling by Fuzzy Logic},
	Year = {2014},
	Bdsk-Url-1 = {http://dx.doi.org/10.1109/IC2E.2014.30}}

@misc{AWS,
	Author = {Amazon Web Services},
	Date-Added = {2014-10-20 14:35:26 +0000},
	Date-Modified = {2014-10-20 14:35:34 +0000},
	Note = {[Accessed: 12. 09. 2014]},
	Url = {http://aws.amazon.com/},
	Year = {2014},
	Bdsk-Url-1 = {http://aws.amazon.com/}}

@misc{Azure,
	Author = {Microsoft Azure Cloud Platform},
	Date-Added = {2014-10-20 14:34:34 +0000},
	Date-Modified = {2014-10-20 14:34:55 +0000},
	Note = {[Accessed: 12. 09. 2014]},
	Url = {https://azure.microsoft.com},
	Year = {2014},
	Bdsk-Url-1 = {https://azure.microsoft.com}}

@misc{OneDrive,
	Author = {Microsoft OneDrive},
	Date-Added = {2014-10-20 14:33:15 +0000},
	Date-Modified = {2014-10-20 14:33:28 +0000},
	Note = {[Accessed: 12. 09. 2014]},
	Url = {https://onedrive.live.com/},
	Year = {2014},
	Bdsk-Url-1 = {https://onedrive.live.com/}}

@misc{Dropbox,
	Author = {Dropbox Inc.},
	Date-Added = {2014-10-20 14:32:08 +0000},
	Date-Modified = {2014-10-20 14:32:15 +0000},
	Note = {[Accessed: 12. 09. 2014]},
	Url = {https://www.dropbox.com/},
	Year = {2014},
	Bdsk-Url-1 = {https://www.dropbox.com/}}

@misc{GoogleDrive,
	Author = {Google Drive},
	Date-Added = {2014-10-20 14:30:42 +0000},
	Date-Modified = {2014-10-20 14:31:21 +0000},
	Note = {[Accessed: 12. 09. 2014]},
	Url = {https://drive.google.com},
	Year = {2014},
	Bdsk-Url-1 = {https://drive.google.com}}

@misc{Googlecompute,
	Author = {Google Compute},
	Date-Added = {2014-10-20 14:30:08 +0000},
	Date-Modified = {2014-10-20 14:35:09 +0000},
	Note = {[Accessed: 12. 09. 2014]},
	Url = {https://cloud.google.com/compute/},
	Year = {2014},
	Bdsk-Url-1 = {https://cloud.google.com/compute/}}

@misc{rackspace,
	Author = {Rackspace},
	Date-Added = {2014-10-20 14:30:08 +0000},
	Date-Modified = {2014-10-20 14:35:09 +0000},
	Note = {[Accessed: 12. 09. 2014]},
	Url = {http://www.rackspace.com/},
	Year = {2014},
	Bdsk-Url-1 = {http://www.rackspace.com/}}

@misc{GoogleAppEngine,
	Author = {Google App Engine},
	Date-Added = {2014-10-20 14:30:08 +0000},
	Date-Modified = {2014-10-20 14:35:09 +0000},
	Note = {[Accessed: 12. 09. 2014]},
	Url = {https://cloud.google.com/appengine/docs},
	Year = {2014},
	Bdsk-Url-1 = {https://cloud.google.com/appengine/docs}}

@misc{GoogleApps,
	Author = {Google Apps},
	Date-Added = {2014-10-20 14:30:08 +0000},
	Date-Modified = {2014-10-20 14:35:09 +0000},
	Note = {[Accessed: 12. 09. 2014]},
	Url = {http://www.google.com/work/apps/business/},
	Year = {2014},
	Bdsk-Url-1 = {http://www.google.com/work/apps/business/}}

@misc{GoogleDocs,
	Author = {Google Docs},
	Date-Added = {2014-10-20 14:30:08 +0000},
	Date-Modified = {2014-10-20 14:35:09 +0000},
	Note = {[Accessed: 12. 09. 2014]},
	Url = {https://docs.google.com},
	Year = {2014},
	Bdsk-Url-1 = {https://docs.google.com}}

@misc{Salesforce,
	Author = {Salesforce},
	Date-Added = {2014-10-20 14:30:08 +0000},
	Date-Modified = {2014-10-20 14:35:09 +0000},
	Note = {[Accessed: 12. 09. 2014]},
	Url = {http://www.salesforce.com/},
	Year = {2014},
	Bdsk-Url-1 = {http://www.salesforce.com/}}

@misc{Office365,
	Author = {Microsoft Office 365},
	Date-Added = {2014-10-20 14:30:08 +0000},
	Date-Modified = {2014-10-20 14:35:09 +0000},
	Note = {[Accessed: 12. 09. 2014]},
	Url = {http://office.microsoft.com/de-de/},
	Year = {2014},
	Bdsk-Url-1 = {http://office.microsoft.com/de-de/}}

@book{Cloud360,
	Abstract = {{Cloud computing has become another buzzword after Web 2.0. However, there are dozens of different definitions for cloud computing and there seems to be no consensus on what a cloud is. On the other hand, cloud computing is not a completely new concept; it has intricate connection to the relatively new but thirteen-year established grid computing paradigm, and other relevant technologies such as utility computing, cluster computing, and distributed systems in general. This paper strives to compare and contrast cloud computing with grid computing from various angles and give insights into the essential characteristics of both.}},
	Author = {Foster, I. and Zhao, Yong and Raicu, I. and Lu, Shiyong},
	Booktitle = {Grid Computing Environments Workshop, 2008. GCE \&\#039;08},
	Citeulike-Article-Id = {4214978},
	Citeulike-Linkout-0 = {http://dx.doi.org/10.1109/gce.2008.4738445},
	Citeulike-Linkout-1 = {http://ieeexplore.ieee.org/xpls/abs\_all.jsp?arnumber=4738445},
	Day = {16},
	Doi = {10.1109/gce.2008.4738445},
	Institution = {Dept. of Comput. Sci., Univ. of Chicago, Chicago, IL, USA},
	Isbn = {978-1-4244-2860-1},
	Journal = {Grid Computing Environments Workshop, 2008. GCE '08},
	Keywords = {cloud, computing, grid},
	Location = {Austin, TX, USA},
	Month = nov,
	Pages = {1--10},
	Posted-At = {2009-04-24 18:57:53},
	Priority = {0},
	Publisher = {IEEE},
	Title = {{Cloud Computing and Grid Computing 360-Degree Compared}},
	Url = {http://dx.doi.org/10.1109/gce.2008.4738445},
	Year = {2008},
	Bdsk-Url-1 = {http://dx.doi.org/10.1109/gce.2008.4738445}}

@article{CloudChallenges,
	Author = {Zhang, Qi and Cheng, Lu and Boutaba, Raouf},
	Doi = {10.1007/s13174-010-0007-6},
	Issn = {1867-4828},
	Journal = {Journal of Internet Services and Applications},
	Keywords = {Cloud computing; Data centers; Virtualization},
	Language = {English},
	Number = {1},
	Pages = {7-18},
	Publisher = {Springer-Verlag},
	Title = {Cloud computing: state-of-the-art and research challenges},
	Url = {http://dx.doi.org/10.1007/s13174-010-0007-6},
	Volume = {1},
	Year = {2010},
	Bdsk-Url-1 = {http://dx.doi.org/10.1007/s13174-010-0007-6}}

@book{6409059,
	Author = {Behl, A. and Behl, K.},
	Booktitle = {Information and Communication Technologies (WICT), 2012 World Congress on},
	Doi = {10.1109/WICT.2012.6409059},
	Keywords = {cloud computing;security of data;TCO;cloud adoption;cloud characteristics perspective;cloud computing security issue analysis;cloud delivery model perspective;cloud security problem;cloud stakeholder perspective;cloud-aware security solutions;computing requirement;dynamic cloud model;dynamic storage;elastic computing;ever-changing model;freely accessible resource;information technology;key features;layer dependency;multitenancy;nontraditional computing model;security problem;total cost of ownership;Communications technology;Decision support systems;Cloud;Cloud Computing;Cloud Security Model;Security;Security Challenges},
	Month = {Oct},
	Pages = {109-114},
	Title = {An analysis of cloud computing security issues},
	Year = {2012},
	Bdsk-Url-1 = {http://dx.doi.org/10.1109/WICT.2012.6409059}}

@book{5557978,
	Author = {Ferretti, S. and Ghini, V. and Panzieri, F. and Pellegrini, M. and Turrini, E.},
	Booktitle = {Cloud Computing (CLOUD), 2010 IEEE 3rd International Conference on},
	Doi = {10.1109/CLOUD.2010.17},
	Keywords = {Internet;middleware},
	Month = {July},
	Pages = {321-328},
	Title = {QoS Aware Clouds},
	Year = {2010},
	Bdsk-Url-1 = {http://dx.doi.org/10.1109/CLOUD.2010.17}}

	@article{Zissis2012583,
		title        = {Addressing cloud computing security issues},
		author       = {Dimitrios Zissis and Dimitrios Lekkas},
		year         = 2012,
		journal      = {Future Generation Computer Systems},
		volume       = 28,
		number       = 3,
		pages        = {583--592},
		doi          = {http://dx.doi.org/10.1016/j.future.2010.12.006},
		issn         = {0167-739X},
		url          = {http://www.sciencedirect.com/science/article/pii/S0167739X10002554},
		keywords     = {Trust},
		bdsk-url-1   = {http://www.sciencedirect.com/science/article/pii/S0167739X10002554},
		bdsk-url-2   = {http://dx.doi.org/10.1016/j.future.2010.12.006}
	}
	@misc{AWSprice,
		title        = {{AWS Simple Monthly Calculator}},
		author       = {Amazon},
		year         = 2014,
		url          = {http://calculator.s3.amazonaws.com/index.html?lng=de%20D},
		note         = {{http://calculator.s3.amazonaws.com/index.html?lng=de%20D} [Accessed: 12. 09. 2014]},
		date-added   = {2014-10-20 14:30:08 +0000},
		date-modified = {2014-10-20 14:35:09 +0000},
		bdsk-url-1   = {http://calculator.s3.amazonaws.com/index.html?lng=de%20D}
	}
	@misc{Contabo,
		title        = {{Dedicated Server Hosting}},
		author       = {Contabo},
		year         = 2014,
		note         = {{https://contabo.de [Accessed: 12. 09. 2014}},
		date-added   = {2014-10-20 14:30:08 +0000},
		date-modified = {2017-07-24 08:01:30 +0000},
		bdsk-url-1   = {https://contabo.de}
	}
	@article{hasselmeyer2007negotiating,
		title        = {Negotiating SLAs with dynamic pricing policies},
		author       = {Hasselmeyer, Peer and Koller, Bastian and Kotsiopoulos, Ioannis and Kuo, Dean and Parkin, Michael},
		year         = 2007,
		journal      = {Proceedings of the SOC@ Inside'07}
	}
	@book{sun2005role,
		title        = {The role of XML in service level agreements management},
		author       = {Wenhui Sun and Yue Xu and Feng Liu},
		year         = 2005,
		booktitle    = {2005 International Conference on Services Systems and Services Management, 2005. Proceedings of ICSSSM '05.},
		volume       = 2,
		pages        = {1118--1120 Vol. 2},
		doi          = {10.1109/ICSSSM.2005.1500170},
		keywords     = {Internet;XML;customer services;electronic commerce;Internet services environment;W3C;XML schema recommendation;XML+XML;e-business administration;message structure;schema-based SLA;service level agreements management;Communication industry;Contracts;Financial management;Intelligent networks;Monitoring;Quality of service;Resource management;Sun;Web and internet services;XML},
		bdsk-url-1   = {http://dx.doi.org/10.1109/ICSSSM.2005.1500170}
	}

@book{gangadharan2007service,
	Author = {Gangadharan, G. R. and Frankova, G. and D'Andrea, V.},
	Booktitle = {Collaborative Technologies and Systems, 2007. CTS 2007. International Symposium on},
	Doi = {10.1109/CTS.2007.4621751},
	Keywords = {Web services;business relationships;distributed systems;service level agreements;service license life cycle;service providers;Collaboration;Collaborative software;Collaborative work;Communications technology;Law;Legal factors;Legislation;Licenses;Proposals;Technology transfer;Service Collaboration;Service Level Agreement;Service Licensing;Service Oriented Computing;Web Services},
	Pages = {150-158},
	Title = {Service license life cycle},
	Year = {2007},
	Bdsk-Url-1 = {http://dx.doi.org/10.1109/CTS.2007.4621751}}

@book{Berger05,
	Author = {Thomas G. Berger},
	Publisher = {TU Darmstadt},
	Title = {Konzeption und Management von Service-Level-Agreements f\"ur IT-Dienstleistungen},
	Type = {Dissertation},
	Year = {2005}}

@book{RW00,
	Author = {Sturm, R. and Morris, W. and Jander, M.},
	Isbn = {9780672317439},
	Lccn = {99063620},
	Note = {ISBN: 978-0-6723-1743-9},
	Publisher = {Pearson Sams},
	Series = {Sams Professionals},
	Title = {Foundations of Service Level Management},
	Url = {http://books.google.com/books?id=-TdPAAAAMAAJ},
	Year = {2000},
	Bdsk-Url-1 = {http://books.google.com/books?id=-TdPAAAAMAAJ}}

@techreport{ISOIECSCSG2011,
	Author = {{ISO/IEC SC 38 Study Group}},
	Institution = {International Organization for Standardization},
	Note = {[Accessed: 02. 09. 2014]},
	Owner = {reich},
	Timestamp = {2012.07.13},
	Title = {JTC 1/SC 38 Study Group Report on Cloud Computing},
	Year = {2011}}

@article{wsla,
	Acmid = {635442},
	Address = {New York, NY, USA},
	Author = {Keller, Alexander and Ludwig, Heiko},
	Doi = {10.1023/A:1022445108617},
	Issn = {1064-7570},
	Issue_Date = {March 2003},
	Journal = {Journal of Network and Systems Management},
	Keywords = {Service Level Agreements, WSLA, Web Services, electronic contracts, service management},
	Month = mar,
	Number = {1},
	Numpages = {25},
	Pages = {57--81},
	Publisher = {Plenum Press},
	Title = {The WSLA Framework: Specifying and Monitoring Service Level Agreements for Web Services},
	Url = {http://dx.doi.org/10.1023/A:1022445108617},
	Volume = {11},
	Year = {2003},
	Bdsk-Url-1 = {http://dx.doi.org/10.1023/A:1022445108617}}

@book{Happe2011,
	Author = {Happe, J. and Theilmann, W. and Edmonds, A. and Kearney, K.T.},
	Chapter = {A Reference Architecture for Multi-Level SLA Management},
	Editor = {Wieder, P. and Butler, J.M.and Theilmann, W. and Yahyapour, R.},
	Owner = {reich},
	Pages = {13-26},
	Publisher = {Springer-Verlag},
	Timestamp = {2012.07.26},
	Title = {Service Level Agreements for Cloud Computing},
	Year = {2011}}

@techreport{Khasnabish2010a,
	Author = {B. Khasnabish and J. Chu and S. Ma and Y. Meng and N. So and P. Unbehagen},
	Institution = {Internet Engineering Task Force},
	Note = {[Accessed: 12. 05. 2014]},
	Organization = {Internet Engineering Task Force},
	Owner = {reich},
	Timestamp = {2012.07.13},
	Title = {Cloud Reference Framework},
	Year = {2010}}

@misc{Ludwig2003,
	Author = {Ludwig, Heiko and Keller, Alexander and Dan, Asit and King, Richard P. and Franck, Richard},
	Citeulike-Article-Id = {327756},
	Citeulike-Linkout-0 = {http://www.research.ibm.com/wsla/WSLASpecV1-20030128.pdf},
	Keywords = {bibtex-import},
	Month = jan,
	Note = {{http://www.research.ibm.com/wsla/WSLASpecV1-20030128.pdf} [Accessed: 22. 03. 2014]},
	Posted-At = {2005-09-21 06:42:21},
	Title = {{Web Service Level Agreement (WSLA) Language Specification, v1.0}},
	Url = {http://www.research.ibm.com/wsla/WSLASpecV1-20030128.pdf},
	Year = {2003},
	Bdsk-Url-1 = {http://www.research.ibm.com/wsla/WSLASpecV1-20030128.pdf}}

@book{Spillner2009a,
	Acmid = {1567958},
	Address = {Berlin, Heidelberg},
	Author = {Spillner, Josef and Winkler, Matthias and Reichert, Sandro and Cardoso, Jorge and Schill, Alexander},
	Booktitle = {Proceedings of the 9th IFIP WG 6.1 International Conference on Distributed Applications and Interoperable Systems},
	Doi = {http://dx.doi.org/10.1007/978-3-642-02164-0_10},
	Isbn = {978-3-6420-2163-3},
	Location = {Lisbon, Portugal},
	Numpages = {14},
	Pages = {129--142},
	Publisher = {Springer-Verlag},
	Series = {DAIS '09},
	Title = {Distributed Contracting and Monitoring in the Internet of Services},
	Url = {http://dx.doi.org/10.1007/978-3-642-02164-0_10},
	Year = {2009},
	Bdsk-Url-1 = {http://dx.doi.org/10.1007/978-3-642-02164-0_10}}

@article{Kearney2011,
	Author = {Keven T. Kearney and Francesco Torelli and Constantinos Kotsokalis},
	Doi = {10.1109/GRID.2010.5697973},
	Journal = {11th IEEE/ACM International Conference on Grid Computing},
	Owner = {reich},
	Pages = {217-224},
	Timestamp = {2012.07.13},
	Title = {SLA*: An Abstract Syntax for Service Level Agreements},
	Year = {2011},
	Bdsk-Url-1 = {http://dx.doi.org/10.1109/GRID.2010.5697973}}

@book{Network,
	Author = {Mansfield, K. C. and Antonakos, J. L.},
	Note = {ISBN: 9781743044544},
	Publisher = {Boston: Course Technology, Cengage Learning},
	Title = {Computer Networking from LANs to WANs: Hardware, Software, and Security},
	Year = {2010}}

@book{SLAEntwurf,
	Author = {Holger Schmidt},
	Note = {ISBN: 3-8316-0071-6},
	Publisher = {Herbert Utz M\"unchen},
	Title = {Entwurf von Service Level Agreements auf der Basis von Dienstprozessen},
	Year = {2001}}

@misc{KPI,
	Author = {{Service Now}},
	Note = {{http://mirror42.com} [Accessed: 12. 07. 2014]},
	Title = {{KPI Library}},
	Url = {http://mirror42.com},
	Year = {2013},
	Bdsk-Url-1 = {http://mirror42.com}}

@misc{DMTF2010a,
	Author = {{Distributed Management Task Force}},
	Comment = {DSP-IS0102},
	Date = {2010},
	Note = {{http://dmtf.org} [Accessed: 10. 06. 2014]},
	Owner = {reich},
	Timestamp = {2012.07.13},
	Title = {Architecture for Managing Clouds},
	Url = {http://dmtf.org},
	Year = {2010},
	Bdsk-Url-1 = {http://dmtf.org}}

@misc{meaning,
	Author = {Gartner Inc.},
	Date = {2012.05.12},
	Note = {{http://blogs.gartner.com/lydia\_leong/2012/12/05/cloud-iaas-slas-can-be-meaningless} [Accessed: 12. 09. 2014]},
	Owner = {frs},
	Title = {Cloud IaaS SLAs can be meaningless {http://blogs.gartner.com/lydia\_leong/2012/12/05/cloud-iaas-slas-can-be-meaningless}},
	Url = {{http://blogs.gartner.com/lydia\_leong/2012/12/05/cloud-iaas-slas-can-be-meaningless}},
	Urldate = {2012.05.12},
	Bdsk-Url-1 = {%7Bhttp://blogs.gartner.com/lydia%5C_leong/2012/12/05/cloud-iaas-slas-can-be-meaningless%7D}}

@misc{Gartner11,
	Author = {{ Gartner Group}},
	Date = {2011},
	Note = {{http://www.cio.de/strategien/analysen/2262709/} [Accessed: 14. 05. 2014]},
	Title = {CIO-Priorit\"aten und Budgets 2011 {http://www.cio.de/strategien/analysen/2262709/}},
	Url = {http://www.cio.de/strategien/analysen/2262709/},
	Bdsk-Url-1 = {http://www.cio.de/strategien/analysen/2262709/}}

@misc{CloudCouncil,
	Author = {{Cloud Council}},
	Date = {2012},
	Note = {{http://www.cloud-council.org/10052011.htm} [Accessed: 12. 09. 2014]},
	Title = {Practical Guide to Cloud Computing},
	Url = {http://www.cloud-council.org/10052011.htm},
	Bdsk-Url-1 = {http://www.cloud-council.org/10052011.htm}}

@misc{ITILweb,
	Author = {{ITIL Foundation}},
	Date = {2014-09-12},
	Note = {{http://www.itil-officialsite.com/} [Accessed: 12. 09. 2014]},
	Title = {{Information Technology Infrastructure Library (ITIL)}},
	Url = {http://www.itil-officialsite.com/},
	Bdsk-Url-1 = {http://www.itil-officialsite.com/}}

@book{ITIL1,
	Author = {Beims, Martin},
	Date = {2012},
	Isbn = {978-3-44643087-7},
	Publisher = {Carl Hanser Verlag GmbH & Co. KG},
	Title = {IT-Service Management mit ITIL{\textregistered} Edition 2011, ISO 20000:2011 und PRINCE2{\textregistered} in der Praxis}}

@book{scholderer2011management,
	Author = {Scholderer, R.},
	Isbn = {978-3-8986-4702-1},
	Publisher = {Dpunkt.Verlag GmbH},
	Title = {Management von Service-Level-Agreements: methodische Grundlagen und Praxisl{\"o}sungen mit CobiT, ISO 20000 und ITIL},
	Url = {http://books.google.de/books?id=guPhSAAACAAJ},
	Year = {2011},
	Bdsk-Url-1 = {http://books.google.de/books?id=guPhSAAACAAJ}}

@misc{IDC,
	Author = {{G. Cattaneo, M. Kolding, D. Bradshaw, G. Folco, IDC for the European Commission}},
	Date = {2012},
	Note = {{http://cordis.europa.eu/fp7/ict/ssai/docs/study45-d2-interim-report.pdf} [Accessed: 12. 08. 2014]},
	Title = {Quantitative Estimates of the Demand for Cloud Computing in Europe and the Likely Barriers To Take-up},
	Url = {http://cordis.europa.eu/fp7/ict/ssai/docs/study45-d2-interim-report.pdf},
	Bdsk-Url-1 = {http://cordis.europa.eu/fp7/ict/ssai/docs/study45-d2-interim-report.pdf}}

@misc{Bourne,
	Author = {{Vanson Bourne Technology Market Research}},
	Date = {2011},
	Note = {{http://servicemanagement.cbronline.com/news/cloud-performance-issues-costing-firms-600000-a-year-survey} [Accessed: 12. 11. 2013]},
	Title = {Companies struggling with cloud performance},
	Url = {http://servicemanagement.cbronline.com/news/cloud-performance-issues-costing-firms-600000-a-year-survey, 2011},
	Bdsk-Url-1 = {http://servicemanagement.cbronline.com/news/cloud-performance-issues-costing-firms-600000-a-year-survey,%202011}}

@misc{JTC,
	Author = {ISO/IEC SC 38 Study Group,},
	Date = {2011},
	Note = {{http://isotc.iso.org} [Accessed: 17. 06. 2014]},
	Publisher = {International Organization for Standardization, Tech. Rep.},
	Title = {JTC SC 38 Study Group Report on Cloud Computing},
	Url = {http://isotc.iso.org},
	Bdsk-Url-1 = {http://isotc.iso.org}}

@misc{Experton,
	Author = {{Experton Group}},
	Date = {2012},
	Note = {{http://www.computerwoche.de/management/cloud- computing/1934027/} [Accessed: 17. 03. 2014]},
	Title = {Experton-Analyse: Wer f/"ult die Cloud mit Business Services},
	Url = {http://www.computerwoche.de/management/cloud- computing/1934027/},
	Bdsk-Url-1 = {http://www.computerwoche.de/management/cloud-%20computing/1934027/}}

@book{CCbasics,
	Address = {ISBN 978-1-4614-7698-6},
	Author = {S. Srinivasan},
	Date-Added = {2014-09-27 22:45:11 +0000},
	Date-Modified = {2014-09-27 22:53:14 +0000},
	Edition = {1st},
	Publisher = {Springer New York},
	Title = {Cloud Computing Basics},
	Year = {2014}}

@book{CloudConcerns,
	Author = {{Intel Corp.}},
	Note = {{http://www.intel.com/content/www/us/en/cloud- computing/whats-holding-back-the-cloud-peer-research-report.html}, [Accessed: 02. 08. 2014]},
	Publisher = {{Intel Corp.}},
	Title = {What is holding back the cloud?},
	Url = {http://www.intel.com/content/www/us/en/cloud- computing/whats-holding-back-the-cloud-peer-research-report.html},
	Year = {2012},
	Bdsk-Url-1 = {http://www.intel.com/content/www/us/en/cloud-%20computing/whats-holding-back-the-cloud-peer-research-report.html}}

@book{Fuzzy,
	Author = {Frey, S. and L\"uthje, C. and Huwwa, V. and Reich, C.},
	Date = {2013},
	Note = {2013, pp. 150-155},
	Optaddendum = {addendum},
	Optannotator = {annotator},
	Optcommentator = {commentator},
	Optdoi = {doi},
	Opteditor = {editor},
	Opteditora = {editora},
	Opteditorb = {editorb},
	Opteditorc = {editorc},
	Opteid = {eid},
	Opteprint = {eprint},
	Opteprintclass = {eprintclass},
	Opteprinttype = {eprinttype},
	Optissn = {issn},
	Optissue = {issue},
	Optissuesubtitle = {issuesubtitle},
	Optissuetitle = {issuetitle},
	Optjournalsubtitle = {journalsubtitle},
	Optlanguage = {language},
	Optmonth = {month},
	Optnumber = {number},
	Optoriglanguage = {origlanguage},
	Optpages = {150-155},
	Optpubstate = {pubstate},
	Optseries = {series},
	Optsubtitle = {subtitle},
	Opttitleaddon = {titleaddon},
	Opttranslator = {translator},
	Opturl = {url},
	Opturldate = {urldate},
	Optversion = {version},
	Optvolume = {volume},
	Publisher = {CLOUD COMPUTING 2013, The Fourth International Conference on Cloud Computing, GRIDs, and Virtualization},
	Title = {Fuzzy Controled QoS for Scalable Cloud Computing Services}}

@misc{ASLAMaaSDoku,
	Author = {{ASLAMaaS Project}},
	Date = {date},
	Date-Modified = {2014-09-27 22:49:14 +0000},
	Note = {{http://www.wolke.hs-furtwangen.de/assets/files/ASLAMaaS-SLA-Richtliniendokument.pdf} [Accessed: 25. 07. 2014]},
	Optdate = {2013},
	Title = {{Autonomic SLA Management as a Service Project - SLA Richtliniendokument f\"ur Cloud Dienstleistungen}},
	Url = {http://www.wolke.hs-furtwangen.de/assets/files/ASLAMaaS-SLA-Richtliniendokument.pdf},
	Year = {2014},
	Bdsk-Url-1 = {http://www.wolke.hs-furtwangen.de/assets/files/ASLAMaaS-SLA-Richtliniendokument.pdf}}

@article{Autonomic2010,
	Author = {Dobson, Simon and Sterritt, Roy and Nixon, P. and Hinchey, M.},
	Doi = {10.1109/MC.2010.14},
	Issn = {0018-9162},
	Journal = {Computer},
	Keywords = {fault tolerant computing;autonomic computing;next-generation enterprise;self-managing systems;sensor systems;systems engineering;Computer vision;Sensor systems;Systems engineering and theory;Adaptive systems;Autonomic computing;Self-managing systems;Systems engineering},
	Month = {01},
	Number = {1},
	Pages = {35-41},
	Title = {Fulfilling the Vision of Autonomic Computing},
	Volume = {43},
	Year = {2010},
	Bdsk-Url-1 = {http://dx.doi.org/10.1109/MC.2010.14}}

@book{Fu:2006:GSG:1170138.1170724,
	Acmid = {1170724},
	Address = {Washington, DC, USA},
	Author = {Fu, Wei and Huang, Qian},
	Booktitle = {Proceedings of the Fifth International Conference on Grid and Cooperative Computing Workshops},
	Doi = {10.1109/GCCW.2006.51},
	Isbn = {0-7695-2695-0},
	Numpages = {8},
	Pages = {5--12},
	Publisher = {IEEE Computer Society},
	Series = {GCCW '06},
	Title = {GridEye: A Service-oriented Grid Monitoring System with Improved Forecasting Algorithm},
	Url = {http://dx.doi.org/10.1109/GCCW.2006.51},
	Year = {2006},
	Bdsk-Url-1 = {http://dx.doi.org/10.1109/GCCW.2006.51}}

@proceedings{DBLP:conf/mascots/2000,
	Bibsource = {dblp computer science bibliography, http://dblp.org},
	Biburl = {http://dblp.dagstuhl.de/rec/bib/conf/mascots/2000},
	Isbn = {0-7695-0728-X},
	Publisher = {{IEEE} Computer Society},
	Timestamp = {Thu, 16 Oct 2014 17:35:18 +0200},
	Title = {{MASCOTS} 2000, Proceedings of the 8th International Symposium on Modeling, Analysis and Simulation of Computer and Telecommunication Systems, 29 August - 1 September 2000, San Francisco, California, {USA}},
	Url = {http://ieeexplore.ieee.org/xpl/mostRecentIssue.jsp?punumber=7034},
	Year = {2000},
	Bdsk-Url-1 = {http://ieeexplore.ieee.org/xpl/mostRecentIssue.jsp?punumber=7034}}

@article{Wood:2009:SBG:1663647.1663710,
	Acmid = {1663710},
	Address = {New York, NY, USA},
	Author = {Wood, Timothy and Shenoy, Prashant and Venkataramani, Arun and Yousif, Mazin},
	Doi = {10.1016/j.comnet.2009.04.014},
	Issn = {1389-1286},
	Issue_Date = {December, 2009},
	Journal = {Comput. Netw.},
	Keywords = {Data centers, Dynamic provisioning, Migration, Virtualization},
	Month = dec,
	Number = {17},
	Numpages = {16},
	Pages = {2923--2938},
	Publisher = {Elsevier North-Holland, Inc.},
	Title = {Sandpiper: Black-box and Gray-box Resource Management for Virtual Machines},
	Url = {http://dx.doi.org/10.1016/j.comnet.2009.04.014},
	Volume = {53},
	Year = {2009},
	Bdsk-Url-1 = {http://dx.doi.org/10.1016/j.comnet.2009.04.014}}

@article{aceto2013cloud,
	Author = {Aceto, Giuseppe and Botta, Alessio and De Donato, Walter and Pescap{\`e}, Antonio},
	Journal = {Computer Networks},
	Number = {9},
	Pages = {2093--2115},
	Publisher = {Elsevier},
	Title = {Cloud monitoring: A survey},
	Volume = {57},
	Year = {2013}}

@article{saqib2017cloud,
	Author = {Saqib, Manasha},
	Journal = {International Journal of Advanced Research in Computer Science},
	Number = {2},
	Title = {Cloud Monitoring: A Survey.},
	Volume = {8},
	Year = {2017}}

@article{spring2011monitoring1,
	Author = {Spring, Jonathan},
	Journal = {IEEE Security \& Privacy},
	Number = {2},
	Pages = {66--68},
	Publisher = {IEEE},
	Title = {Monitoring cloud computing by layer, part 1},
	Volume = {9},
	Year = {2011}}

@article{spring2011monitoring2,
	Author = {Spring, Jonathan},
	Journal = {IEEE Security \& Privacy},
	Number = {3},
	Pages = {52--55},
	Publisher = {IEEE},
	Title = {Monitoring cloud computing by layer, part 2},
	Volume = {9},
	Year = {2011}}

@misc{CSA3.0,
	Author = {{Cloud Security Alliance}},
	Note = {{https://downloads.cloudsecurityalliance.org/assets/research/security-guidance/csaguide.v3.0.pdf} [Accessed: 25. 07. 2016]},
	Title = {{Security Guidance for Critical Areas of Focus in Cloud Computing v3.0}},
	Year = {2011}}

@misc{texo2011,
	Author = {{Fraunhofer IAO}},
	Note = {{https://www.e-business.iao.fraunhofer.de/de/projekte/beschreibung/theseus-texo.html} [Accessed: 25. 07. 2015]},
	Title = {{Theseus Texo - Business Webs im Internet der Dienste}},
	Year = {2011}}

@article{fatema2014survey,
	Author = {Fatema, Kaniz and Emeakaroha, Vincent C and Healy, Philip D and Morrison, John P and Lynn, Theo},
	Journal = {Journal of Parallel and Distributed Computing},
	Number = {10},
	Pages = {2918--2933},
	Publisher = {Elsevier},
	Title = {A survey of Cloud monitoring tools: Taxonomy, capabilities and objectives},
	Volume = {74},
	Year = {2014}}

@article{ward2014observing,
	Author = {Ward, Jonathan Stuart and Barker, Adam},
	Journal = {Journal of Cloud Computing},
	Number = {1},
	Pages = {24},
	Publisher = {Springer Berlin Heidelberg},
	Title = {Observing the clouds: a survey and taxonomy of cloud monitoring},
	Volume = {3},
	Year = {2014}}

@book{Munawar:2008:AMD:1434239.1434256,
	Acmid = {1434256},
	Address = {Berlin, Heidelberg},
	Author = {Munawar, Mohammad A. and Reidemeister, Thomas and Jiang, Miao and George, Allen and Ward, Paul A.},
	Booktitle = {Proceedings of the 19th IFIP/IEEE International Workshop on Distributed Systems: Operations and Management: Managing Large-Scale Service Deployment},
	Doi = {10.1007/978-3-540-87353-2_13},
	Isbn = {978-3-540-85999-4},
	Location = {Samos Island, Greece},
	Numpages = {14},
	Pages = {162--175},
	Publisher = {Springer-Verlag},
	Series = {DSOM '08},
	Title = {Adaptive Monitoring with Dynamic Differential Tracing-Based Diagnosis},
	Url = {http://dx.doi.org/10.1007/978-3-540-87353-2_13},
	Year = {2008},
	Bdsk-Url-1 = {http://dx.doi.org/10.1007/978-3-540-87353-2_13}}

@book{menasce2002load,
	Author = {Menasc{\'e}, Daniel A},
	Booktitle = {Int. CMG Conference},
	Pages = {271--282},
	Title = {Load testing, benchmarking, and application performance management for the web},
	Year = {2002}}

@article{kephart2003vision,
	Author = {Kephart, Jeffrey O and Chess, David M},
	Journal = {Computer},
	Number = {1},
	Pages = {41--50},
	Publisher = {IEEE},
	Title = {The vision of autonomic computing},
	Volume = {36},
	Year = {2003}}

@book{prevost2011prediction,
	Author = {Prevost, John J and Nagothu, KranthiManoj and Kelley, Brian and Jamshidi, Mo},
	Booktitle = {System of Systems Engineering (SoSE), 2011 6th International Conference on},
	Organization = {IEEE},
	Pages = {276--281},
	Title = {Prediction of cloud data center networks loads using stochastic and neural models},
	Year = {2011}}

@book{li2014sla,
	Author = {Li, Chung-Cheng and Wang, Kuochen},
	Booktitle = {Information Networking (ICOIN), 2014 International Conference on},
	Organization = {IEEE},
	Pages = {58--63},
	Title = {An SLA-aware load balancing scheme for cloud datacenters},
	Year = {2014}}

@book{hu2013kswsvr,
	Author = {Hu, Rongdong and Jiang, Jingfei and Liu, Guangming and Wang, Lixin},
	Booktitle = {Services Computing (SCC), 2013 IEEE International Conference on},
	Organization = {IEEE},
	Pages = {120--127},
	Title = {Kswsvr: A new load forecasting method for efficient resources provisioning in cloud},
	Year = {2013}}

@book{bankole2013predicting,
	Author = {Bankole, Akindele A and Ajila, Samuel A},
	Booktitle = {Electrical and Computer Engineering (CCECE), 2013 26th Annual IEEE Canadian Conference on},
	Organization = {IEEE},
	Pages = {1--4},
	Title = {Predicting cloud resource provisioning using machine learning techniques},
	Year = {2013}}

@book{imam2011neural,
	Author = {Imam, Md Toukir and Miskhat, Sheikh Faisal and Rahman, Rashedur M and Amin, M Ashraful},
	Booktitle = {Computer and Information Technology (ICCIT), 2011 14th International Conference on},
	Organization = {IEEE},
	Pages = {333--338},
	Title = {Neural network and regression based processor load prediction for efficient scaling of Grid and Cloud resources},
	Year = {2011}}

@book{sterritt2005autonomic,
	Author = {Sterritt, Roy and Hinchey, Mike},
	Booktitle = {Engineering of Computer-Based Systems, 2005. ECBS'05. 12th IEEE International Conference and Workshops on the},
	Organization = {IEEE},
	Pages = {535--539},
	Title = {Autonomic computing-panacea or poppycock?},
	Year = {2005}}

@book{inproceedingshu2009,
	author = {Hu, Ye and Wong, Johnny and Iszlai, Gabriel and Litoiu, Marin},
	year = {2009},
	month = {01},
	pages = {101-111},
	title = {Resource provisioning for cloud computing},
	journal = {Proceedings of the 2009 Conference of the Center for Advanced Studies on Collaborative Research, CASCON '09},
	doi = {10.1145/1723028.1723041}
}

@article{EMEAKAROHA20121017,
	title = {Towards autonomic detection of SLA violations in Cloud infrastructures},
	journal = {Future Generation Computer Systems},
	volume = {28},
	number = {7},
	pages = {1017 - 1029},
	year = {2012},
	note = {Special section: Quality of Service in Grid and Cloud Computing},
	issn = {0167-739X},
	url = {http://www.sciencedirect.com/science/article/pii/S0167739X11002184},
	author = {Emeakaroha, Vincent  and Netto, Marco and Calheiros, Rodrigo and Brandic, Ivona and Buyya, Rajkumar and DeRose, Cesar},
	keywords = {Service level agreement, Resource monitoring, SLA violation detection, SLA enactment, Cloud architecture}
}




@article{articleEmeakaroha2013,
	author = {Emeakaroha, Vincent and Brandic, Ivona and Maurer, Michael and Dustdar, Schahram},
	year = {2013},
	month = {07},
	title = {Cloud resource provisioning and SLA enforcement via LoM2HiS framework},
	volume = {25},
	journal = {Concurrency and Computation: Practice and Experience},
	doi = {10.1002/cpe.2944}
}

@book{emeakaroha2010low,
	title={Low level metrics to high level SLAs-LoM2HiS framework: Bridging the gap between monitored metrics and SLA parameters in cloud environments},
	author={Emeakaroha, Vincent C and Brandic, Ivona and Maurer, Michael and Dustdar, Schahram},
	booktitle={2010 International Conference on High Performance Computing \& Simulation},
	pages={48--54},
	year={2010},
	organization={IEEE}
}


@article{articleQoSMONaas,
	author = {Cicotti, Giuseppe and Coppolino, L and D, Salvatore and Antonio, N.A. and Romano, Luigi},
	year = {2015},
	month = {01},
	pages = {29},
	title = {How to monitor QoS in cloud infrastructures: The QoSMONaaS approach},
	volume = {11},
	journal = {International Journal of Computational Science and Engineering},
	doi = {10.1504/IJCSE.2015.071359}
}

@book{5463688,
	author={T. M. {King} and A. S. {Ganti}},
	booktitle={2010 Third International Conference on Software Testing, Verification, and Validation Workshops},
	title={Migrating Autonomic Self-Testing to the Cloud},
	year={2010},
	volume={},
	number={},
	pages={438-443},
	keywords={program testing;Web services;autonomic self-testing process;cloud computing;Internet;cloud services;automated test harness;test support as-a-service;virtual test environment;Built-in self-test;Cloud computing;Automatic testing;Software testing;Web and internet services;Runtime;Computer science;Neodymium;Electronic mail;Application software;Software Testing;Cloud Computing;Autonomic Computing;Virtualization},
	doi={10.1109/ICSTW.2010.66},
	ISSN={},
	month={April},}

@book{Casalicchio:2013:ARP:2494621.2494623,
	author = {Casalicchio, Emiliano and Menasc{\'e}, Daniel A. and Aldhalaan, Arwa},
	title = {Autonomic Resource Provisioning in Cloud Systems with Availability Goals},
	booktitle = {Proceedings of the 2013 ACM Cloud and Autonomic Computing Conference},
	series = {CAC '13},
	year = {2013},
	isbn = {978-1-4503-2172-3},
	location = {Miami, Florida, USA},
	pages = {1:1--1:10},
	articleno = {1},
	numpages = {10},
	url = {http://doi.acm.org/10.1145/2494621.2494623},
	doi = {10.1145/2494621.2494623},
	acmid = {2494623},
	publisher = {ACM},
	address = {New York, NY, USA},
	keywords = {VM allocation, autonomic computing, cloud computing},
}

@book{murch2004autonomic,
	Author = {Murch, Richard},
	Publisher = {{IBM Press}},
	Title = {Autonomic computing},
	Year = {2004}}

@book{kephart2005research,
	Author = {Kephart, Jeffrey O},
	Booktitle = {Proceedings of the 27th international conference on Software engineering},
	Organization = {ACM},
	Pages = {15--22},
	Title = {Research challenges of autonomic computing},
	Year = {2005}}

@article{horn2001autonomic,
	Author = {Horn, Paul},
	Publisher = {IBM},
	Title = {Autonomic computing: IBM$\backslash$'s Perspective on the State of Information Technology},
	Year = {2001}}

@article{buisson2005dynamic,
	Author = {Buisson, J{\'e}r{\'e}my and Andr{\'e}, Fran{\c{c}}oise and Pazat, Jean-Louis},
	Journal = {Advances in Grid Computing-EGC 2005},
	Pages = {139--168},
	Publisher = {Springer},
	Title = {Dynamic adaptation for grid computing},
	Year = {2005}}

@phdthesis{buisson2006adaptation,
	Author = {Buisson, J{\'e}r{\'e}my},
	School = {Th{\`e}se de doctorat, INSA de Rennes},
	Title = {Adaptation dynamique de programmes et composants parall{\`e}les},
	Year = {2006}}

@book{fei2005design,
	Author = {Fei, Wang and Fan-Zhang, Li},
	Booktitle = {Granular Computing, 2005 IEEE International Conference on},
	Organization = {IEEE},
	Pages = {270--273},
	Title = {The design of an autonomic computing model and the algorithm for decision-making},
	Volume = {1},
	Year = {2005}}

@book{zhao2009survey,
	Author = {Zhao, Zhenxing and Gao, Congying and Duan, Fu},
	Booktitle = {Computational Intelligence and Industrial Applications, 2009. PACIIA 2009. Asia-Pacific Conference on},
	Organization = {IEEE},
	Pages = {288--291},
	Title = {A survey on autonomic computing research},
	Volume = {2},
	Year = {2009}}

@misc{rapidminer,
	Author = {{Rapidminer}},
	Note = {{https://rapidminer.com/} [Accessed: 25. 01. 2016]},
	Optdate = {2013},
	Title = {{Rapidminer Website}}}

@misc{ganglia,
	Author = {{Ganglia}},
	Note = {{https://ganglia.info/} [Accessed: 25. 01. 2018]},
	Optdate = {2018},
	Title = {{Ganglia Website}}}


@misc{haizea1,
	Author = {{Sotomayor, B., Montero, R.S., Llorente, I.M., Foster, I.}},
	Booktitle = {Capacity leasing in cloudsystems using the opennebula engine},
	Organization = {Cloud Computing and Applications, CCA2008},
	Year = {2009}
	}

@misc{haizea2,
	Author = {{Sotomayor, B., Keahey, K.: Haizea}},
	Note = {{http://haizea.cs.uchicago.edu/} [Accessed: 25. 01. 2011]},
	Year = 2011,
	Title = {Haizea Website}
	}

@misc{haizea3,
	Author = {{Sotomayor, B., Foster, I., Keahey, K.}},
	Booktitle = {Overhead matters: A model for virtual re-source management},
	Organization = {Proceedings of the 2nd International Workshop on Virtu-alization Technology in Distributed Computing, IEEE Computer Society, Wash-ington, DC, USA},
	Year =2006
	}

@misc{haizea4,
	Author = {{Sotomayor, B., Montero, R.S., Llorente, I.M., Foster, I.}},
 	Booktitle = {Resource leasing and theart of suspending virtual machines},
 	Organization = {In 11th IEEE International Conference on High Performance Computing and Communications, pp. 59–68. IEEE},
 	Year = 2009
 	}
 
 
 @article{IBM,
 	Author = {{Creasy RJ.}},
 	Date-Added = {2011-08-24 19:30:07 +0000},
 	Date-Modified = {2011-08-24 19:32:02 +0000},
 	Journal = {IBM Journal of Research and Development, 25, No.4, 483-490},
 	Title = {The origin of the VM/370 time-sharing system},
 	Year = {1981}}
 
 @book{gold,
 	Author = {David E. Goldberg},
 	Date-Added = {2011-08-16 19:48:20 +0000},
 	Date-Modified = {2011-08-16 19:51:19 +0000},
 	Publisher = {Addison-Wesley Professional, ISBN 978-0201157673},
 	Title = {Genetic Algorithms in Search, Optimization, and Machine Learning},
 	Year = {1989}}
 
 @article{cloudbursting,
 	Author = {{Kailasam, S. and Gnanasambandam, N. and Dharanipragada, J. and Sharma, N.}},
 	Date-Added = {2011-08-11 14:42:32 +0000},
 	Date-Modified = {2011-08-11 14:44:12 +0000},
 	Journal = {Parallel Processing Workshops (ICPPW), 2010 39th International Conference on , pp.285-294, 13-16},
 	Title = {Optimizing Service Level Agreements for Autonomic Cloud Bursting Schedulers},
 	Year = {2010}}
 
 @article{twolevel,
 	Author = {{Jeyarani, R. and Ram, R. Vasanth and Nagaveni, N.}},
 	Date-Added = {2011-08-11 14:39:43 +0000},
 	Date-Modified = {2011-08-11 14:41:02 +0000},
 	Journal = {Cluster, Cloud and Grid Computing (CCGrid), 2010 10th IEEE/ACM International Conference on , pp.585-586, 17-20},
 	Title = {Design and Implementation of an Efficient Two-Level Scheduler for Cloud Computing Environment},
 	Year = {2010}}
 
 @article{adaptablecloudscheduling,
 	Author = {{Seoyoung Kim and Yoonhee Kim and Naeyoung Song andChongam Kim}},
 	Date-Added = {2011-08-11 14:35:32 +0000},
 	Date-Modified = {2011-08-11 14:37:37 +0000},
 	Journal = {Cluster Computing Workshops and Posters (CLUSTER WORKSHOPS), 2010 IEEE International Conference on , pp.1-3, 20-24},
 	Title = {Adaptable scheduling schemes for scientific applications on science cloud},
 	Year = {2010}}
 
 @article{ga-basedtask,
 	Author = {{Yujia Ge and Guiyi Wei}},
 	Date-Added = {2011-08-11 14:32:50 +0000},
 	Date-Modified = {2011-08-11 14:33:43 +0000},
 	Journal = {Web Information Systems and Mining (WISM), 2010 International Conference on , vol.2, no., pp.181-186, 23-24},
 	Title = {GA-Based Task Scheduler for the Cloud Computing Systems},
 	Year = {2010}}
 
 @article{Ga-grid-2,
 	Author = {{Kun-Ming Yu and Cheng-Kwan Chen}},
 	Date-Added = {2011-08-10 20:42:11 +0000},
 	Date-Modified = {2011-08-10 20:44:08 +0000},
 	Journal = {Intelligent Systems Design and Applications, 2008. ISDA '08. Eighth International Conference on , vol.1, no., pp.450-455, 26-28},
 	Title = {An Evolution-based Dynamic Scheduling Algorithm in Grid Computing Environment},
 	Year = {2008}}
 
 @article{ga-grid,
 	Author = {{Abdulal, W. and Al Jadaan, O. and Jabas, A. and Ramachandram, S.}},
 	Date-Added = {2011-08-10 20:39:43 +0000},
 	Date-Modified = {2011-08-10 20:41:48 +0000},
 	Journal = {Industrial Electronics \& Applications, 2009. ISIEA 2009. IEEE Symposium on , vol.1, no., pp.215-220, 4-6},
 	Title = {An improved rank-based genetic algorithm with limited iterations for grid scheduling},
 	Year = {2009}}
 
 @article{riskheuristik,
 	Author = {{Song, S. and Kai Hwang and Yu-Kwong Kwok}},
 	Date-Added = {2011-08-10 20:35:49 +0000},
 	Date-Modified = {2011-08-10 20:37:50 +0000},
 	Journal = {Computers, IEEE Transactions on , vol.55, no.6, pp.703-719},
 	Title = {Risk-resilient heuristics and genetic algorithms for security-assured grid job scheduling},
 	Year = {2006}}
 
 @article{DAG,
 	Author = {{Pop, F. and Dobre, C. and Cristea, V}},
 	Date-Added = {2011-08-10 20:32:38 +0000},
 	Date-Modified = {2011-08-10 20:35:34 +0000},
 	Journal = {Intelligent Computer Communication and Processing, 2009. ICCP 2009. IEEE 5th International Conference on , vol., no., pp.299-305, 27-29},
 	Title = {Genetic Algorithm for DAG Scheduling in Grid Environments},
 	Year = {2009}}
 
 @article{4heurisitken,
 	Author = {{Wang Meihong and Zeng Wenhua}},
 	Date-Added = {2011-08-10 20:16:18 +0000},
 	Date-Modified = {2011-08-10 20:18:00 +0000},
 	Journal = {Wireless Communications Networking and Mobile Computing (WiCOM), 2010 6th International Conference on , vol., no., pp.1-4, 23-25},
 	Title = {A Comparison of Four Popular Heuristics for Task Scheduling Problem in Computational Grid},
 	Year = {2010}}
 
 @article{tlda,
 	Author = {{Umale, J. and Mahajan, S.}},
 	Date-Added = {2011-08-10 20:13:09 +0000},
 	Date-Modified = {2011-08-10 20:15:36 +0000},
 	Journal = {Parallel Distributed and Grid Computing (PDGC), 2010 1st International Conference on , vol., no., pp.78-82, 28-30},
 	Title = {Optimized Grid Scheduling using Two Level Decision Algorithm (TLDA)},
 	Year = {2010}}
 
 @webpage{haizea,
 	Author = {{Haizea Project - University of Chicago}},
 	Date-Added = {2011-08-10 12:58:12 +0000},
 	Date-Modified = {2011-08-10 13:01:52 +0000},
 	Howpublished = {http://haizea.cs.uchicago.edu/},
 	Title = {Haizea - An Open Source VM-based Lease Manager},
 	Url = {http://haizea.cs.uchicago.edu/},
 	Year = {2011},
 	Bdsk-Url-1 = {http://haizea.cs.uchicago.edu/}}
 
 @article{cloud-intro,
 	Author = {{Sotomayor, B. and Santiago Montero, R. and Mart{\'\i}n Llorente, I. and Foster I.}},
 	Date-Added = {2011-08-10 12:30:22 +0000},
 	Date-Modified = {2011-08-10 12:33:14 +0000},
 	Journal = {IEEE Internet Computing, vol. 13, no. 5, pp. 14-22},
 	Title = {Virtual Infrastructure Management in Private and Hybrid Clouds},
 	Year = {2009}}
 
 @article{deadlineawarecloud,
 	Author = {{Khalid, O.; Maljevic, I.; Anthony, R.; Petridis, M.; Parrott, K.; Schulz, M.}},
 	Date-Added = {2011-08-10 12:22:34 +0000},
 	Date-Modified = {2011-08-10 12:25:00 +0000},
 	Journal = {Advanced Information Networking and Applications Workshops (WAINA), 2010 IEEE 24th International Conference on , pp.85-90,},
 	Title = {Deadline Aware Virtual Machine Scheduler for Grid and Cloud Computing},
 	Year = {2010}}
 
 @article{suspendingart,
 	Author = {{Borja and Santiago, Rub{\'e}n and Montero, Ignacio and Llorente, Mart{\'\i}n and Foster, Ian} {Sotomayor}},
 	Date-Added = {2011-08-10 12:15:56 +0000},
 	Date-Modified = {2011-08-10 12:21:09 +0000},
 	Journal = {in Proceedings of the 11th IEEE International Conference on High Performance Computing and Communications (HPCC-09), IEEE},
 	Title = {Resource leasing and the art of suspending virtual machines},
 	Year = {2009}}
 
 @article{Cloud-SLA,
 	Author = {{Reig Gemma,} {Alonso Javier} {Guitart Jordi}},
 	Date-Added = {2011-08-10 12:10:33 +0000},
 	Date-Modified = {2011-08-10 12:15:46 +0000},
 	Journal = {Network Computing and Applications (NCA), 2010 9th IEEE International Symposium on , vol., no., pp.162-167, 15-17},
 	Title = {Prediction of Job Resource Requirements for Deadline Schedulers to Manage High-Level SLAs on the Cloud},
 	Year = {2010}}
 
 @BOOK{datascience2017,
 	AUTHOR = { Andrew, Bruce and Peter, Bruce},
 	YEAR = {2017},
 	TITLE = {Practical Statistics for Data Scientists - 50 Essential Concepts},
 	EDITION = {},
 	ISBN = {978-1-491-95293-1},
 	PUBLISHER = {"O'Reilly Media, Inc."},
 	ADDRESS = {Sebastopol},
 }
 
 @book{genalgohistory,
 	Author = {{Hammel, U.} {Schwefel, H.-P} {Baeck, T.}},
 	Date-Added = {2011-08-08 20:25:17 +0000},
 	Date-Modified = {2011-08-08 20:29:56 +0000},
 	Publisher = {IEEE Computational Intelligence Society},
 	Series = {IEEE Transactions on Evolutionary Computation,},
 	Title = {Evolutionary computation: comments on the history and current state},
 	Year = {1997}}
 
 @article{metro,
 	Author = {{Rosenbluth Arianna W. ,} {Rosenbluth Marshall N.,} {Teller Augusta H.,} {Teller Edward,} {Metropolis Nicholas}},
 	Date-Added = {2011-08-08 19:06:17 +0000},
 	Date-Modified = {2011-08-08 19:10:31 +0000},
 	Journal = {J. Chem. Phys. 21, 1087, doi:10.1063/1.1699114},
 	Title = {Equation of State Calculations by Fast Computing Machines},
 	Year = {1953}}
 
 @book{local,
 	Author = {{Aarts Emile} {Lenstra Jan Karel}},
 	Date-Added = {2011-08-08 17:49:16 +0000},
 	Date-Modified = {2011-08-08 17:52:26 +0000},
 	Publisher = {John Wiley \& Sons, ISBN 0471948225},
 	Title = {Local Search in Combinatorial Optimization},
 	Year = {1997}}
 
 @book{algo,
 	Author = {Robert Sedgewick},
 	Date-Added = {2011-08-08 15:14:17 +0000},
 	Date-Modified = {2011-08-08 15:16:29 +0000},
 	Publisher = {Addison-Wesley, M{\"u}nchen : Pearson Education Deutschland, ISBN:3-8273-7032-9},
 	Read = {1},
 	Title = {Algorithmen},
 	Year = {2002}}
 
 @webpage{amazon,
 	Author = {{Amazon Web Services}},
 	Date-Added = {2011-08-05 20:00:02 +0000},
 	Date-Modified = {2011-08-05 20:02:28 +0000},
 	Howpublished = {http://aws.amazon.com/de/ec2/instance-types/},
 	Month = {Aug.},
 	Title = {Amazon EC2 Instance Types},
 	Url = {http://aws.amazon.com/de/ec2/instance-types/},
 	Year = {2011},
 	Bdsk-Url-1 = {http://aws.amazon.com/de/ec2/instance-types/}}
 
 @book{theoinf,
 	Author = {Uwe Sch{\"o}ning},
 	Date-Added = {2011-08-04 12:40:02 +0000},
 	Date-Modified = {2011-08-04 12:41:45 +0000},
 	Publisher = {Spekturm Akademischer Verlag Heidelberg, ISBN: 978-3-8274-1824-1},
 	Title = {Theoretische Informatik - kurz gefasst},
 	Year = {2008}}
 
 @article{packingclass,
 	Author = {Harald Dyckhoff},
 	Date-Added = {2011-08-03 20:40:58 +0000},
 	Date-Modified = {2011-08-03 20:42:10 +0000},
 	Journal = {European Journal of Operational Research,Volume 44, Issue 2, 25 January 1990, Pages 145-159},
 	Title = {A typology of cutting and packing problems},
 	Year = {1990}}
 
 @book{np-comp2,
 	Author = {Karp, Richard M.},
 	Date-Added = {2011-08-03 20:00:58 +0000},
 	Date-Modified = {2011-08-03 20:04:12 +0000},
 	Publisher = {50 Years of Integer Programming 1958-2008, Springer Berlin / Heidelberg, ISBN: 978-3-540-68279-0, S. 219 - 241},
 	Title = {Reducibility Among Combinatorial Problems},
 	Year = {2010}}
 
 @article{turing,
 	Author = {Alan Turing},
 	Date-Added = {2011-08-03 19:34:16 +0000},
 	Date-Modified = {2011-08-03 19:38:02 +0000},
 	Journal = {Proceedings of the London Mathematical Society,},
 	Title = {On computable numbers, with an application to the Entscheidungsproblem'},
 	Year = {1937}}
 
 @article{p-np,
 	Author = {{Ladner, Richard E.}},
 	Date-Added = {2011-08-03 18:48:25 +0000},
 	Date-Modified = {2011-08-03 18:50:48 +0000},
 	Journal = {Journal of the ACM (JACM) Volume 22 Issue 1 ACM New York, NY, USA},
 	Title = {{On the Structure of Polynomial Time Reducibility}},
 	Year = {1975}}
 
 @book{op-re,
 	Author = {{Domschke, Wolfgang}, {Drexl, Andreas}},
 	Date-Added = {2011-08-03 13:14:25 +0000},
 	Date-Modified = {2011-08-03 13:17:23 +0000},
 	Publisher = {Springer Berlin / Heidelberg, ISBN: 978-3-540-23431-9},
 	Read = {1},
 	Title = {Einf{\"u}hrung in Operations Research},
 	Year = {2005}}
 
 @book{evoalgo,
 	Author = {Karsten Weicker},
 	Date-Added = {2011-08-02 19:36:32 +0000},
 	Date-Modified = {2011-08-02 20:12:02 +0000},
 	Publisher = {Springer Berlin / Heidelberg},
 	Read = {1},
 	Title = {Evolution{\"a}re Algorithmen},
 	Year = {ISBN: 978-3-8351-0219-4 , 2007}}
 
 @book{kombop2,
 	Author = {{Lutz-Westphal, Brigitte und Hu{\ss}mann, Stephan}},
 	Date-Added = {2011-08-02 19:29:41 +0000},
 	Date-Modified = {2011-08-02 20:07:54 +0000},
 	Publisher = {Springer Berlin / Heidelberg},
 	Read = {1},
 	Title = {Kombinatorische Optimierung erleben - In Studium und Unterricht},
 	Year = {ISBN: 978-3-528-03216-6, 2007}}
 
 @book{kombop1,
 	Author = {{Korte, Bernhard und Vygen, Jens}},
 	Date-Added = {2011-08-02 19:20:42 +0000},
 	Date-Modified = {2011-08-02 20:11:07 +0000},
 	Publisher = {Springer Berlin / Heidelberg},
 	Read = {1},
 	Title = {Kombinatorische Optimierung - Theorie und Algorithmen},
 	Year = {ISBN:978-3-540-76918-7, 2008}}
 
 @article{sche+time,
 	Author = {Wren, Anthony},
 	Booktitle = {Practice and Theory of Automated Timetabling},
 	Date-Added = {2011-08-02 18:57:24 +0000},
 	Date-Modified = {2011-08-02 19:01:40 +0000},
 	Pages = {S.46-75},
 	Title = {Scheduling, timetabling and rostering --- A special relationship?},
 	Volume = {Practice and Theory of Automated Timetabling},
 	Year = {Springer Berlin / Heidelberg 1996},
 	Bdsk-Url-1 = {http://dx.doi.org/10.1007/3-540-61794-9_51}}
 
 @webpage{shi,
 	Author = {{Internet2}},
 	Date-Added = {2011-08-01 19:45:56 +0000},
 	Date-Modified = {2011-08-01 20:03:14 +0000},
 	Howpublished = {http://shibboleth.internet2.edu/},
 	Month = {Aug.},
 	Read = {1},
 	Title = {Shibboleth},
 	Url = {http://shibboleth.internet2.edu/},
 	Year = {2011},
 	Bdsk-Url-1 = {http://shibboleth.internet2.edu/}}
 
 @webpage{opennebula,
 	Author = {{OpenNebula Project}},
 	Date-Added = {2011-08-01 13:35:15 +0000},
 	Date-Modified = {2011-08-01 15:04:09 +0000},
 	Howpublished = {http://opennebula.org/},
 	Month = {Aug.},
 	Read = {1},
 	Title = {OpenNebula Project Home},
 	Year = {2011}}
 
 @webpage{cloudia,
 	Author = {{Hochschule Furtwangen}},
 	Date-Added = {2011-08-01 13:17:35 +0000},
 	Date-Modified = {2011-08-02 19:35:33 +0000},
 	Howpublished = {http://www.wolke.hs-furtwangen.de/ currentprojects/cloudia},
 	Month = {Aug.},
 	Read = {1},
 	Title = {Cloud Infrastructure \& Applikations - CloudIA},
 	Year = {2011}}
 
 @webpage{cloud-research-hfu,
 	Author = {{Hochschule Furtwangen}},
 	Date-Added = {2011-08-01 13:13:54 +0000},
 	Date-Modified = {2011-08-01 15:04:21 +0000},
 	Howpublished = {http://wolke.hs-furtwangen.de/},
 	Month = {Aug.},
 	Read = {1},
 	Title = {Cloud Research Lab},
 	Year = {2011},
 	Bdsk-Url-1 = {http://wolke.hs-furtwangen.de/}}
 
 @book{NP-Comp,
 	Address = {New York, NY, USA},
 	Author = {{Garey, Michael R. und Johnson, David S.}},
 	Date-Modified = {2011-08-02 20:13:13 +0000},
 	Isbn = {0716710447},
 	Publisher = {W. H. Freeman \& Co.},
 	Title = {Computers and Intractability: A Guide to the Theory of NP-Completeness},
 	Year = {1979}}
 
 @article{np-cook,
 	Author = {Cook, Stephen A.},
 	Date-Modified = {2011-08-02 20:25:05 +0000},
 	Journal = {Proceedings of the third annual ACM symposium on Theory of computing (STOC '71). ACM, New York},
 	Read = {1},
 	Title = {The complexity of theorem-proving procedures},
 	Year = {1971},
 	Bdsk-Url-1 = {http://doi.acm.org/10.1145/800157.805047}}
 
 @article{Cortes:1995:SN:218919.218929,
 	author = {Cortes, Corinna and Vapnik, Vladimir},
 	title = {Support-Vector Networks},
 	journal = {Mach. Learn.},
 	issue_date = {Sept. 1995},
 	volume = {20},
 	number = {3},
 	month = sep,
 	year = {1995},
 	issn = {0885-6125},
 	pages = {273--297},
 	numpages = {25},
 	url = {https://doi.org/10.1023/A:1022627411411},
 	doi = {10.1023/A:1022627411411},
 	acmid = {218929},
 	publisher = {Kluwer Academic Publishers},
 	address = {Norwell, MA, USA},
 	keywords = {efficient learning algorithms, neural networks, pattern recognition, polynomial classifiers, radial basis function classifiers},
 } 

@INPROCEEDINGS{6799665, 
	author={ {Chung-Cheng Li} and {Kuochen Wang}}, 
	booktitle={The International Conference on Information Networking 2014 (ICOIN2014)}, 
	title={An SLA-aware load balancing scheme for cloud datacenters}, 
	year={2014}, 
	volume={}, 
	number={}, 
	pages={58-63}, 
	keywords={cloud computing;computer centres;contracts;neural nets;resource allocation;service-oriented architecture;virtual machines;SLA-aware load balancing;cloud datacenters;cloud computing;virtual machines;decentralized load balancing architecture;tldlb;two-level decentralized load balancer;scalability;availability capabilities;cloud users;neural network-based dynamic load balancing algorithm;neural network-based dynamic weighted round-robin algorithm;nn-dwrr algorithm;VM load metrics;neural network-based load prediction;SLA violation rate reduction;service-level agreement;Time factors;Load management;Computer architecture;Heuristic algorithms;Cloud computing;Artificial neural networks;Scheduling algorithms;cloud computing;decentralized architecture;load balancing;neural network;service level agreement}, 
	doi={10.1109/ICOIN.2014.6799665}, 
	ISSN={1550-445X}, 
	month={Feb},}
 
@book{Vapnik:1995:NSL:211359,
	author = {Vapnik, Vladimir N.},
	title = {The Nature of Statistical Learning Theory},
	year = {1995},
	isbn = {0-387-94559-8},
	publisher = {Springer-Verlag},
	address = {Berlin, Heidelberg},
} 

@article{Prevost2011PredictionOC,
	title={Prediction of cloud data center networks loads using stochastic and neural models},
	author={John Prevost and Kranthimanoj Nagothu and Brian Todd Kelley and Mo M. Jamshidi},
	journal={2011 6th International Conference on System of Systems Engineering},
	year={2011},
	pages={276-281}
}

@INPROCEEDINGS{6649686, 
	author={R. {Hu} and J. {Jiang} and G. {Liu} and L. {Wang}}, 
	booktitle={2013 IEEE International Conference on Services Computing}, 
	title={KSwSVR: A New Load Forecasting Method for Efficient Resources Provisioning in Cloud}, 
	year={2013}, 
	volume={}, 
	number={}, 
	pages={120-127}, 
	keywords={cloud computing;learning (artificial intelligence);quality of service;regression analysis;resource allocation;support vector machines;KSwSVR method;resources provisioning;cloud provider;quality of service;QoS;resource utilization;fine-grained resource allocation;resource demand;multi-step-ahead load forecasting method;statistical learning theory;improved support vector regression algorithm;Kalman smoother;AR;BPNN;standard SVR;autoregression process;backpropagation neural network;service level agreements requirement;resources consumption;Support vector machines;Kalman filters;Load forecasting;Cloud computing;Standards;Prediction algorithms;Accuracy;Load forecasting;Resources provisioning;Support vector regression;Kalman smoother;Cloud computing}, 
	doi={10.1109/SCC.2013.67}, 
	ISSN={}, 
	month={June},}

@INPROCEEDINGS{7194655, 
	author={A. Y. {Nikravesh} and S. A. {Ajila} and C. {Lung}}, 
	booktitle={2015 IEEE/ACM 10th International Symposium on Software Engineering for Adaptive and Self-Managing Systems}, 
	title={Towards an Autonomic Auto-scaling Prediction System for Cloud Resource Provisioning}, 
	year={2015}, 
	volume={}, 
	number={}, 
	pages={35-45}, 
	keywords={cloud computing;neural nets;software fault tolerance;support vector machines;time series;predictive auto-scaling systems;Infrastructure as a Service;IaaS;cloud resource provisioning;cloud computing;time series prediction algorithm;performance pattern;support vector machine;neural networks;Amazon EC2;TPC-W;SVM;NN;workload pattern;autonomic system approach;Support vector machines;Prediction algorithms;Accuracy;Cloud computing;Artificial neural networks;Measurement;Algorithm design and analysis;Autonomic;Auto-scaling;Support Vector Machine;Neural Networks;Workload pattern;Resource provisioning;Cloud computing}, 
	doi={10.1109/SEAMS.2015.22}, 
	ISSN={2157-2305}, 
	month={May},}

@INPROCEEDINGS{6567848, 
	author={A. A. {Bankole} and S. A. {Ajila}}, 
	booktitle={2013 26th IEEE Canadian Conference on Electrical and Computer Engineering (CCECE)}, 
	title={Predicting cloud resource provisioning using machine learning techniques}, 
	year={2013}, 
	volume={}, 
	number={}, 
	pages={1-4}, 
	keywords={cloud computing;contracts;learning (artificial intelligence);neural nets;regression analysis;resource allocation;support vector machines;virtual machines;cloud resource provisioning prediction;service level agreement requirements;virtual machine resource;VM boot-up time;future resource demand prediction;cloud client prediction models;TPC-W benchmark Web application;machine learning techniques;support vector machine;SVM;neural networks;NN;linear regression;LR;SLA metrics;response time;throughput;robust scaling decision choice;Predictive models;Support vector machines;Measurement;Time factors;Artificial neural networks;Throughput;Linear regression;Cloud computing;Resource provisioning;Resource prediction;Machine learning}, 
	doi={10.1109/CCECE.2013.6567848}, 
	ISSN={0840-7789}, 
	month={May},}

@INPROCEEDINGS{6164809, 
	author={ {Md. Toukir Imam} and {Sheikh Faisal Miskhat} and R. M. {Rahman} and M. A. {Amin}}, 
	booktitle={14th International Conference on Computer and Information Technology (ICCIT 2011)}, 
	title={Neural network and regression based processor load prediction for efficient scaling of Grid and Cloud resources}, 
	year={2011}, 
	volume={}, 
	number={}, 
	pages={333-338}, 
	keywords={cloud computing;grid computing;neural nets;regression analysis;resource allocation;virtual machines;regression based processor load prediction;grid resource;cloud resource;resource scaling;resource allocation policy;cloud environment;cost savings;virtual machines;quality of service;prediction model;time delay neural network;workload prediction;cloud user resource;Integrated circuit modeling;Argon;Sun;Spline;Nickel;Cloud Computing;Grid Computing;workload prediction;neural network;time delay neural network;polynomial regression}, 
	doi={10.1109/ICCITechn.2011.6164809}, 
	ISSN={}, 
	month={Dec},}

@article{Wilson_1984,
	doi = {10.1002/spe.4380140510},
	url = {https://doi.org/10.1002%2Fspe.4380140510},
	year = 1984,
	month = {may},
	publisher = {Wiley},
	volume = {14},
	number = {5},
	pages = {501--502},
	author = {L. B. Wilson},
	title = {{ALGORITHMS}, Robert Sedgewick, Addison-Wesley Publishing Company, 1983. No. of pages: 552. Price: {\textsterling}13$\cdotp$95},
	journal = {Software: Practice and Experience}
}

@Inbook{Korte2008,
	title="Bin-Packing",
	bookTitle="Kombinatorische Optimierung: Theorie und Algorithmen",
	year="2008",
	publisher="Springer Berlin Heidelberg",
	address="Berlin, Heidelberg",
	pages="485--502",
	abstract="Angenommen, wir haben n Objekte verschiedener fester Gr{\"o}{\ss}en und einige Beh{\"a}lter von gleicher Gr{\"o}{\ss}e. Unser Problem ist es, die Objekte den Beh{\"a}ltern zuzuordnen, mit dem Ziel, die Anzahl der benutzten Beh{\"a}lter zu minimieren. Nat{\"u}rlich darf die Gesamtgr{\"o}{\ss}e der einem Beh{\"a}lter zugeordneten Objekte die Gr{\"o}{\ss}e des Beh{\"a}lters nicht {\"u}bersteigen.",
	isbn="978-3-540-76919-4",
	doi="10.1007/978-3-540-76919-4_18",
	url="https://doi.org/10.1007/978-3-540-76919-4_18"
}

@InProceedings{10.1007/978-3-540-77918-6_18,
	author="Epstein, Leah
	and Levin, Asaf",
	editor="Kaklamanis, Christos
	and Skutella, Martin",
	title="Minimum Weighted Sum Bin Packing",
	booktitle="Approximation and Online Algorithms",
	year="2008",
	publisher="Springer Berlin Heidelberg",
	address="Berlin, Heidelberg",
	pages="218--231",
	abstract="We study minimum weighted sum bin packing (MWSBP), which is a bin packing problem where the cost of an item is the index of the bin into which it is packed multiplied by its weight, and the goal is to minimize the total cost of the items. This is equivalent to a batch scheduling problem which we define, where the total weighted completion time is to be minimized. This problem is previously known to be NP-hard in the strong sense even for unit weight items. We design a polynomial time approximation scheme for it, and additionally, a dual polynomial time approximation scheme.",
	isbn="978-3-540-77918-6"
}

@InProceedings{10.1007/978-3-642-13731-0_24,
	author="Patt-Shamir, Boaz
	and Rawitz, Dror",
	editor="Kaplan, Haim",
	title="Vector Bin Packing with Multiple-Choice",
	booktitle="Algorithm Theory - SWAT 2010",
	year="2010",
	publisher="Springer Berlin Heidelberg",
	address="Berlin, Heidelberg",
	pages="248--259",
	abstract="We consider a variant of bin packing called multiple-choice vector bin packing. In this problem we are given a set of n items, where each item can be selected in one of several D-dimensional incarnations. We are also given T bin types, each with its own cost and D-dimensional size. Our goal is to pack the items in a set of bins of minimum overall cost. The problem is motivated by scheduling in networks with guaranteed quality of service (QoS), but due to its general formulation it has many other applications as well. We present an approximation algorithm that is guaranteed to produce a solution whose cost is about ln D times the optimum. For the running time to be polynomial we require D{\thinspace}={\thinspace}O(1) and T{\thinspace}={\thinspace}O(logn). This extends previous results for vector bin packing, in which each item has a single incarnation and there is only one bin type. To obtain our result we also present a PTAS for the multiple-choice version of multidimensional knapsack, where we are given only one bin and the goal is to pack a maximum weight set of (incarnations of) items in that bin.",
	isbn="978-3-642-13731-0"
}


@article{Raidl:1999:MCP:335527.335530,
	author = {Raidl, G\"{u}nther R.},
	title = {The Multiple Container Packing Problem: A Genetic Algorithm Approach with Weighted Codings},
	journal = {SIGAPP Appl. Comput. Rev.},
	issue_date = {March 1999},
	volume = {7},
	number = {2},
	month = mar,
	year = {1999},
	issn = {1559-6915},
	pages = {22--31},
	numpages = {10},
	url = {http://doi.acm.org/10.1145/335527.335530},
	doi = {10.1145/335527.335530},
	acmid = {335530},
	publisher = {ACM},
	address = {New York, NY, USA},
	keywords = {combinatorial optimization, hybrid genetic algorithm, multiple container packing problem, weighted coding},
} 


@inproceedings{uriarte2014slac,
	title={Slac: A formal service-level-agreement language for cloud computing},
	author={Uriarte, Rafael Brundo and Tiezzi, Francesco and Nicola, Rocco De},
	booktitle={Proceedings of the 2014 IEEE/ACM 7th International Conference on Utility and Cloud Computing},
	pages={419--426},
	year={2014},
	organization={IEEE Computer Society}
}


@inproceedings{kouki2014language,
	title={A language support for cloud elasticity management},
	author={Kouki, Yousri and De Oliveira, Frederico Alvares and Dupont, Simon and Ledoux, Thomas},
	booktitle={2014 14th IEEE/ACM International Symposium on Cluster, Cloud and Grid Computing},
	pages={206--215},
	year={2014},
	organization={IEEE}
}

@inproceedings{boniface2007dynamic,
	title={Dynamic service provisioning using GRIA SLAs},
	author={Boniface, Mike and Phillips, Stephen C and Sanchez-Macian, Alfonso and Surridge, Mike},
	booktitle={International Conference on Service-Oriented Computing},
	pages={56--67},
	year={2007},
	organization={Springer}
}

@ARTICLE{7430360, 
	author={V. {Casola} and A. {De Benedictis} and M. {Eraşcu} and J. {Modic} and M. {Rak}}, 
	journal={IEEE Transactions on Services Computing}, 
	title={Automatically Enforcing Security SLAs in the Cloud}, 
	year={2017}, 
	volume={10}, 
	number={5}, 
	pages={741-755}, 
	keywords={cloud computing;contracts;resource allocation;security of data;cloud services;verifiable security;Service Level Objectives;security mechanisms;resource allocation process;cloud security monitoring solutions;Security SLA life cycle management;cloud applications;security-related software components;security features;customer security requirements;automatic security SLA enforcement;Security SLO;resource configuration;automatic resource provisioning;Security;Cloud computing;Measurement;Planning;Monitoring;Unified modeling language;Cloud security;security service level agreement;optimal resource allocation}, 
	doi={10.1109/TSC.2016.2540630}, 
	ISSN={1939-1374}, 
	month={Sep.},}

@misc{SLA-Ready,
	Author = {{SLA-Ready Project Site 2014}},
	Note = {[Accessed: 25. 08. 2017]},
	Optdate = {2017},
	Url = {https://www.sla-ready.eu/sla-negotiation},
	Year = {2017},
	Bdsk-Url-1 = {https://www.sla-ready.eu/sla-negotiation}}


@inproceedings{brandic2009towards,
	title={Towards self-manageable cloud services},
	author={Brandic, Ivona},
	booktitle={2009 33rd Annual IEEE International Computer Software and Applications Conference},
	volume={2},
	pages={128--133},
	year={2009},
	organization={IEEE}
}
