@article{6567848,
	title        = {Predicting cloud resource provisioning using machine learning techniques},
	author       = {A. A. {Bankole} and S. A. {Ajila}},
	year         = 2013,
	month        = may,
	journal    = {2013 26th IEEE Canadian Conference on Electrical and Computer Engineering (CCECE)},
	pages        = {1--4},
	doi          = {10.1109/CCECE.2013.6567848},
	issn         = {0840-7789},
	keywords     = {cloud computing;contracts;learning (artificial intelligence);neural nets;regression analysis;resource allocation;support vector machines;virtual machines;cloud resource provisioning prediction;service level agreement requirements;virtual machine resource;VM boot-up time;future resource demand prediction;cloud client prediction models;TPC-W benchmark Web application;machine learning techniques;support vector machine;SVM;neural networks;NN;linear regression;LR;SLA metrics;response time;throughput;robust scaling decision choice;Predictive models;Support vector machines;Measurement;Time factors;Artificial neural networks;Throughput;Linear regression;Cloud computing;Resource provisioning;Resource prediction;Machine learning},
	bdsk-url-1   = {https://doi.org/10.1109/CCECE.2013.6567848}
}
@article{7194655,
	title        = {Towards an Autonomic Auto-scaling Prediction System for Cloud Resource Provisioning},
	author       = {A. Y. {Nikravesh} and S. A. {Ajila} and C. {Lung}},
	year         = 2015,
	month        = may,
	journal    = {2015 IEEE/ACM 10th International Symposium on Software Engineering for Adaptive and Self-Managing Systems},
	pages        = {35--45},
	doi          = {10.1109/SEAMS.2015.22},
	issn         = {2157-2305},
	keywords     = {cloud computing;neural nets;software fault tolerance;support vector machines;time series;predictive auto-scaling systems;Infrastructure as a Service;IaaS;cloud resource provisioning;cloud computing;time series prediction algorithm;performance pattern;support vector machine;neural networks;Amazon EC2;TPC-W;SVM;NN;workload pattern;autonomic system approach;Support vector machines;Prediction algorithms;Accuracy;Cloud computing;Artificial neural networks;Measurement;Algorithm design and analysis;Autonomic;Auto-scaling;Support Vector Machine;Neural Networks;Workload pattern;Resource provisioning;Cloud computing},
	bdsk-url-1   = {https://doi.org/10.1109/SEAMS.2015.22}
}
@article{5739040,
	title        = {Autonomic SLA-Aware Service Virtualization for Distributed Systems},
	author       = {A. {Kertesz} and G. {Kecskemeti} and I. {Brandic}},
	year         = 2011,
	month        = feb,
	journal    = {2011 19th International Euromicro Conference on Parallel, Distributed and Network-Based Processing},
	pages        = {503--510},
	doi          = {10.1109/PDP.2011.17},
	issn         = {1066-6192},
	keywords     = {cloud computing;fault tolerant computing;open systems;service-oriented architecture;autonomic SLA-aware service virtualization architecture;distributed system;cloud computing;adaptive interoperation;service level agreement;service brokering;on-demand deployment;agreement negotiation;Computer architecture;Virtual machining;Computational modeling;Manganese;Variable speed drives;Cloud computing;Protocols;Cloud Computing;SLA-negotiation;Service Brokering;On-demand deployment},
	bdsk-url-1   = {https://doi.org/10.1109/PDP.2011.17}
}
@article{6076508,
	title        = {Differentiated Availability in Cloud Computing SLAs},
	author       = {A. {Undheim} and A. {Chilwan} and P. {Heegaard}},
	year         = 2011,
	month        = sep,
	journal    = {2011 IEEE/ACM 12th International Conference on Grid Computing},
	pages        = {129--136},
	doi          = {10.1109/Grid.2011.25},
	issn         = {2152-1093},
	keywords     = {cloud computing;fault tolerant computing;virtual machines;cloud computing SLA;service delivery;cloud data center;failure rate;fault-tolerance technique;virtual machine;Availability;Fault tolerance;Fault tolerant systems;Cloud computing;Hardware;Data models;Availability;cloud;differentiation;SLA},
	bdsk-url-1   = {https://doi.org/10.1109/Grid.2011.25}
}

@article{4755149, 
	author={N. {Leavitt}}, 
	journal={Computer}, 
	title={{Is Cloud Computing Really Ready for Prime Time?}}, 
	year={2009}, 
	volume={42}, 
	number={1}, 
	pages={15-20}, 
	keywords={Internet;industry observers;cloud computing;vendor observers;Cloud computing;Costs;Computer networks;Internet;Scalability;Operating systems;Personal communication networks;Portable computers;Smart phones;Web server;cloud computing;virtualization;SaaS;PaaS;IaaS;data centers;grids;blades}, 
	doi={10.1109/MC.2009.20}, 
	ISSN={0018-9162}, 
	month={Jan},}

@misc{gartnercc18,
	title        = {{Hype Cycle for Cloud Computing}},
	author       = {{Gartner Research Group}},
	year         = 2018,
	note         = {{https://www.gartner.com/en/documents/3884671/hype-cycle-for-cloud-computing-2018, [Accessed: 15. 05. 2019]}}
}

@article{aceto2013cloud,
	title        = {Cloud monitoring: A survey},
	author       = {Aceto, Giuseppe and Botta, Alessio and De Donato, Walter and Pescap{\`e}, Antonio},
	year         = 2013,
	journal      = {Computer Networks},
	publisher    = {Elsevier},
	volume       = 57,
	number       = 9,
	pages        = {2093--2115}
}
@article{neural1,
	title        = {How effective are neural networks at forecasting and prediction? A review and evaluation},
	author       = {Adya, M. and Collopy, F.},
	year         = 1998,
	month        = sep,
	journal      = {Journal of Forecasting - Special Issue: Neural Networks and Financial Economics},
	volume       = 17,
	number       = {5-6},
	pages        = {481--495},
	date-added   = {2014-05-22 08:44:51 +0000},
	date-modified = {2014-05-22 09:04:12 +0000},
	keywords     = {doi: 10.1002/(SICI)1099-131X(1998090)17:5/6<481::AID-FOR709>3.0.CO;2-Q},
	read         = 1
}
@article{turing,
	title        = {On computable numbers, with an application to the Entscheidungsproblem'},
	author       = {Alan Turing},
	year         = 1937,
	journal      = {proceedings of the London Mathematical Society,},
	date-added   = {2011-08-03 19:34:16 +0000},
	date-modified = {2011-08-03 19:38:02 +0000}
}
@misc{AWSprice,
	title        = {{AWS Simple Monthly Calculator Website}},
	author       = {Amazon},
	url          = {http://calculator.s3.amazonaws.com/index.html?lng=de%20D},
	note         = {{https://calculator.aws/, [Accessed: 14. 02. 2019]}},
	date-added   = {2014-10-20 14:30:08 +0000},
	date-modified = {2014-10-20 14:35:09 +0000},
	bdsk-url-1   = {http://calculator.s3.amazonaws.com/index.html?lng=de%20D}
}
@misc{AWS,
	title        = {{AWS Web Services Website}},
	author       = {Amazon},
	year         = 2014,
	url          = {http://aws.amazon.com/},
	note         = {{http://aws.amazon.com/, [Accessed: 12. 09. 2014]}},
	date-added   = {2014-10-20 14:35:26 +0000},
	date-modified = {2014-10-20 14:35:34 +0000},
	bdsk-url-1   = {http://aws.amazon.com/}
}
@book{datascience2017,
	title        = {Practical Statistics for Data Scientists - 50 Essential Concepts},
	author       = {Andrew, Bruce and Peter, Bruce},
	year         = 2017,
	publisher    = {"O'Reilly Media, Inc."},
	address      = {Sebastopol},
	note         = {ISBN 978-1-491-95293-1}
}
@article{Anomaly2,
	title        = {An overview of anomaly detection techniques: Existing solutions and latest technological trends},
	author       = {Animesh Patcha and Jung-Min Park},
	year         = 2007,
	journal    = {Computer Networks, Volume 51, Number 21},
	pages        = {3448--3470},
	doi          = {http://dx.doi.org/10.1016/j.comnet.2007.02.001},
	url          = {http://www.sciencedirect.com/science/article/pii/S138912860700062X},
	keywords     = {Data mining},
	bdsk-url-1   = {http://www.sciencedirect.com/science/article/pii/S138912860700062X},
	bdsk-url-2   = {http://dx.doi.org/10.1016/j.comnet.2007.02.001}
}
@article{Vukicevic2014,
	title        = {Evolutionary assembled neural networks for making medical decisions with minimal regret: Application for predicting advanced bladder cancer outcome},
	author       = {Arso M. Vukicevic and Gordana R. Jovicic and Miroslav M. Stojadinovic and Rade I. Prelevic and Nenad D. Filipovic},
	year         = 2014,
	journal      = {Expert Systems with Applications},
	issn         = {0957-4174},
	keywords     = {Bladder cancerExpert SystemsArtificial Neural NetworkGenetic AlgorithmsRegret Theory}
}
@techreport{Khasnabish2010,
	title        = {Cloud Reference Framework},
	author       = {B. Khasnabish and J. Chu and S. Ma and Y. Meng and N. So and P. Unbehagen},
	year         = 2010,
	url          = {http://tools.ietf.org/html/draft-khasnabish-cloud-reference-framework-00},
	institution  = {Internet Engineering Task Force},
	organization = {Internet Engineering Task Force},
	owner        = {reich},
	timestamp    = {2012.07.13},
	bdsk-url-1   = {http://tools.ietf.org/html/draft-khasnabish-cloud-reference-framework-00}
}
@techreport{Khasnabish2010a,
	title        = {Cloud Reference Framework},
	author       = {B. Khasnabish and J. Chu and S. Ma and Y. Meng and N. So and P. Unbehagen},
	year         = 2010,
	note         = {[Accessed: 12. 05. 2014]},
	institution  = {Internet Engineering Task Force},
	organization = {Internet Engineering Task Force},
	owner        = {reich},
	timestamp    = {2012.07.13}
}
@article{bankole2013predicting,
	title        = {Predicting cloud resource provisioning using machine learning techniques},
	author       = {Bankole, Akindele and Ajila, Samuel},
	year         = 2013,
	journal    = {Electrical and Computer Engineering (CCECE), 2013 26th Annual IEEE Canadian Conference on},
	pages        = {1--4},
	organization = {IEEE}
}
@article{Baset:2012:CSP:2331576.2331586,
	title        = {{Cloud SLAs: Present and Future}},
	author       = {Baset, Salman A.},
	year         = 2012,
	month        = jul,
	journal      = {{SIGOPS Oper. Syst. Rev.}},
	publisher    = {ACM},
	address      = {New York, NY, USA},
	volume       = 46,
	number       = 2,
	pages        = {57--66},
	doi          = {10.1145/2331576.2331586},
	issn         = {0163-5980},
	url          = {http://doi.acm.org/10.1145/2331576.2331586},
	acmid        = 2331586,
	issue_date   = {July 2012},
	numpages     = 10,
	bdsk-url-1   = {http://doi.acm.org/10.1145/2331576.2331586},
	bdsk-url-2   = {http://dx.doi.org/10.1145/2331576.2331586}
}


@article{6409059,
	title        = {An analysis of cloud computing security issues},
	author       = {Behl, A. and Behl, K.},
	year         = 2012,
	month        = oct,
	journal    = {Information and Communication Technologies (WICT), 2012 World Congress on},
	pages        = {109--114},
	doi          = {10.1109/WICT.2012.6409059},
	keywords     = {cloud computing;security of data;TCO;cloud adoption;cloud characteristics perspective;cloud computing security issue analysis;cloud delivery model perspective;cloud security problem;cloud stakeholder perspective;cloud-aware security solutions;computing requirement;dynamic cloud model;dynamic storage;elastic computing;ever-changing model;freely accessible resource;information technology;key features;layer dependency;multitenancy;nontraditional computing model;security problem;total cost of ownership;Communications technology;Decision support systems;Cloud;Cloud Computing;Cloud Security Model;Security;Security Challenges},
	bdsk-url-1   = {http://dx.doi.org/10.1109/WICT.2012.6409059}
}
@book{ITIL1,
	title        = {IT-Service Management mit ITIL{\textregistered} Edition 2011, ISO 20000:2011 und PRINCE2{\textregistered} in der Praxis},
	author       = {Beims, Martin},
	publisher    = {Carl Hanser Verlag GmbH & Co. KG},
	isbn         = {978-3-44643087-7},
	date         = 2012
}
@misc{BITKOM,
	author       = {BITKOM},
	title		 = {Cloud Monitor 2014},
	year         = 2014,
	url          = {http://www.bitkom.org/de/presse/30739_78524.aspx},
	note         = {{http://www.bitkom.org/de/presse/30739{\_}78524.aspx} [Accessed: 18. 08. 2014]},
	optdate      = 2014,
	bdsk-url-1   = {http://www.bitkom.org/de/presse/30739_78524.aspx}
}

@misc{BITKOM19,
	author       = {{BITKOM and KPMG}},
	title 			={{Cloud Monitor 2019}},
	year         = 2019,
	note         = {{https://www.bitkom.org/sites/default/files/2019-06/bitkom{\_}kpmg{\_}pk{\_}charts{\_}cloud{\_}monitor{\_}18{\_}06{\_}2019.pdf [Accessed: 18. 07. 2019]}},
}



@article{boniface2007dynamic,
	title        = {Dynamic service provisioning using GRIA SLAs},
	author       = {Boniface, Mike and Phillips, Stephen C and Sanchez-Macian, Alfonso and Surridge, Mike},
	year         = 2007,
	journal    = {International Conference on Service-Oriented Computing},
	pages        = {56--67},
	organization = {Springer}
}
@article{brandic2009towards,
	title        = {Towards self-manageable cloud services},
	author       = {Brandic, Ivona},
	year         = 2009,
	journal    = {2009 33rd Annual IEEE International Computer Software and Applications Conference},
	volume       = 2,
	pages        = {128--133},
	organization = {IEEE}
}
@article{Brandic:2009:VFE:1616056.1616063,
	title        = {VieSLAF Framework: Enabling Adaptive and Versatile SLA-Management},
	author       = {Brandic, Ivona and Music, Dejan and Leitner, Philipp and Dustdar, Schahram},
	year         = 2009,
	journal    = {proceedings of the 6th International Workshop on Grid Economics and Business Models},
	location     = {Delft, The Netherlands},
	publisher    = {Springer-Verlag},
	address      = {Berlin, Heidelberg},
	series       = {GECON '09},
	pages        = {60--73},
	doi          = {10.1007/978-3-642-03864-8_5},
	isbn         = {978-3-642-03863-1},
	url          = {http://dx.doi.org/10.1007/978-3-642-03864-8_5},
	acmid        = 1616063,
	numpages     = 14,
	bdsk-url-1   = {http://dx.doi.org/10.1007/978-3-642-03864-8_5}
}
@phdthesis{buisson2006adaptation,
	title        = {Adaptation dynamique de programmes et composants parall{\`e}les},
	author       = {Buisson, J{\'e}r{\'e}my},
	year         = 2006,
	school       = {Th{\`e}se de doctorat, INSA de Rennes}
}
@article{buisson2005dynamic,
	title        = {Dynamic adaptation for grid computing},
	author       = {Buisson, J{\'e}r{\'e}my and Andr{\'e}, Fran{\c{c}}oise and Pazat, Jean-Louis},
	year         = 2005,
	journal      = {Advances in Grid Computing-EGC 2005},
	publisher    = {Springer},
	pages        = {139--168}
}
@article{6225938,
	title        = {{SALMonADA: A platform for monitoring and explaining violations of WS-agreement-compliant documents}},
	author       = {C. {M\"{u}ller} and M. {Oriol} and M. {Rodr\'{\i}guez} and X. {Franch} and J. {Marco} and M. {Resinas} and A. {Ruiz-Cort\'{e}s}},
	year         = 2012,
	month        = jun,
	journal    = {2012 4th International Workshop on Principles of Engineering Service-Oriented Systems (PESOS)},
	pages        = {43--49},
	doi          = {10.1109/PESOS.2012.6225938},
	issn         = {2156-793X},
	keywords     = {document handling;quality of service;SALMonADA;explaining violations;monitoring violations;WS-agreement-compliant documents;quality assurance techniques;QoS;service based systems;SBS;service level agreements;SLA;user friendly format;Monitoring;Quality of service;Proposals;Measurement;Scattering;Analytical models;Data mining;monitoring;analysis;violation detection;violation explanation},
	bdsk-url-1   = {https://doi.org/10.1109/PESOS.2012.6225938}
}
@article{Mueller2012,
	title        = {SALMonADA: A platform for monitoring and explaining violations of WS-agreement-compliant documents},
	author       = {C. {M{\"u}ller} and M. {Oriol} and M. {Rodr{\'\i}guez} and X. {Franch} and J. {Marco} and M. {Resinas} and A. {Ruiz-Cort{\'e}s}},
	year         = 2012,
	month        = jun,
	journal    = {2012 4th International Workshop on Principles of Engineering Service-Oriented Systems (PESOS)},
	pages        = {43--49},
	doi          = {10.1109/PESOS.2012.6225938},
	issn         = {2156-793X},
	keywords     = {document handling;quality of service;SALMonADA;explaining violations;monitoring violations;WS-agreement-compliant documents;quality assurance techniques;QoS;service based systems;SBS;service level agreements;SLA;user friendly format;Monitoring;Quality of service;Proposals;Measurement;Scattering;Analytical models;Data mining;monitoring;analysis;violation detection;violation explanation},
	bdsk-url-1   = {https://doi.org/10.1109/PESOS.2012.6225938}
}
@article{CloudProvisioning,
	title        = {Virtual Machine Provisioning Based on Analytical Performance and QoS in Cloud Computing Environments},
	author       = {Calheiros, R.N. and Ranjan, R. and Buyya, R.},
	year         = 2011,
	month        = sep,
	journal    = {Parallel Processing (ICPP), 2011 International Conference on},
	pages        = {295--304},
	doi          = {10.1109/ICPP.2011.17},
	issn         = {0190-3918},
	keywords     = {cloud computing;quality of service;software performance evaluation;virtual machines;analytical performance;application provisioner;cloud based IT resources;cloud computing environments;performance modeling;quality of services;system administration details;virtual machine provisioning;virtualized IT resources;workload modeling;Analytical models;Computational modeling;Load modeling;Predictive models;Quality of service;Time factors;Virtual machining;Analytical Performance;Cloud Computing;Quality of Service;Virtual Machine Provisioning},
	bdsk-url-1   = {http://dx.doi.org/10.1109/ICPP.2011.17}
}
@article{Arizmendi20145296,
	title        = {Automated classification of brain tumours from short echo time in vivo MRS data using Gaussian Decomposition and Bayesian Neural Networks},
	author       = {Carlos Arizmendi and Daniel A. Sierra and Alfredo Vellido and Enrique Romero},
	year         = 2014,
	journal      = {Expert Systems with Applications},
	volume       = 41,
	number       = 11,
	pages        = {5296--5307},
	issn         = {0957-4174},
	keywords     = {Bayesian Neural Networks}
}
@book{TheBigSwitch,
	title        = {The Big Switch: Der grosse Wandel - Die Vernetzung der Welt von Edison bis Google},
	author       = {Carr, Nicholas G.},
	year         = 2009,
	publisher    = {Heidelberg: Mitp},
	address      = {ISBN 978-3-8266-5508-1},
	date-added   = {2014-09-27 22:45:11 +0000},
	date-modified = {2014-09-27 22:53:14 +0000},
	edition      = {1st}
}
@article{Casalicchio:2013:ARP:2494621.2494623,
	title        = {Autonomic Resource Provisioning in Cloud Systems with Availability Goals},
	author       = {Casalicchio, Emiliano and Menasc{\'e}, Daniel A. and Aldhalaan, Arwa},
	year         = 2013,
	journal    = {proceedings of the 2013 ACM Cloud and Autonomic Computing Conference},
	location     = {Miami, Florida, USA},
	publisher    = {ACM},
	address      = {New York, NY, USA},
	series       = {CAC '13},
	pages        = {1:1--1:10},
	doi          = {10.1145/2494621.2494623},
	isbn         = {978-1-4503-2172-3},
	url          = {http://doi.acm.org/10.1145/2494621.2494623},
	acmid        = 2494623,
	articleno    = 1,
	keywords     = {VM allocation, autonomic computing, cloud computing},
	numpages     = 10,
	bdsk-url-1   = {http://doi.acm.org/10.1145/2494621.2494623},
	bdsk-url-2   = {https://doi.org/10.1145/2494621.2494623}
}
@article{articleQoSMONaas,
	title        = {How to monitor QoS in cloud infrastructures: The QoSMONaaS approach},
	author       = {Cicotti, Giuseppe and Coppolino, L and D, Salvatore and Antonio, N.A. and Romano, Luigi},
	year         = 2015,
	month        = 1,
	journal      = {International Journal of Computational Science and Engineering},
	volume       = 11,
	pages        = 29,
	doi          = {10.1504/IJCSE.2015.071359},
	bdsk-url-1   = {https://doi.org/10.1504/IJCSE.2015.071359}
}
@misc{Contabo,
	title        = {{Dedicated Server Hosting}},
	author       = {{A2 Hosting}},
	year         = 2019,
	note         = {{https://www.a2hosting.com/dedicated-server-hosting/core/compare [Accessed: 12. 07. 2019}},
	date-added   = {2014-10-20 14:30:08 +0000},
	date-modified = {2017-07-24 08:01:30 +0000}
}
@article{np-cook,
	title        = {The complexity of theorem-proving procedures},
	author       = {Cook, Stephen A.},
	year         = 1971,
	journal      = {proceedings of the third annual ACM symposium on Theory of computing (STOC '71). ACM, New York},
	date-modified = {2011-08-02 20:25:05 +0000},
	read         = 1,
	bdsk-url-1   = {http://doi.acm.org/10.1145/800157.805047}
}
@article{Cortes:1995:SN:218919.218929,
	title        = {Support-Vector Networks},
	author       = {Cortes, Corinna and Vapnik, Vladimir},
	year         = 1995,
	month        = sep,
	journal      = {Mach. Learn.},
	publisher    = {Kluwer Academic Publishers},
	address      = {Norwell, MA, USA},
	volume       = 20,
	number       = 3,
	pages        = {273--297},
	doi          = {10.1023/A:1022627411411},
	issn         = {0885-6125},
	url          = {https://doi.org/10.1023/A:1022627411411},
	acmid        = 218929,
	issue_date   = {Sept. 1995},
	keywords     = {efficient learning algorithms, neural networks, pattern recognition, polynomial classifiers, radial basis function classifiers},
	numpages     = 25,
	bdsk-url-1   = {https://doi.org/10.1023/A:1022627411411}
}
@misc{gart19,
	author       = {Gartner},
	title 			={{Worldwide Public Cloud Revenue to Grow 17.3 Percent in 2019}},
	year         = 2018,
	url          = {https://www.gartner.com/en/newsroom/press-releases/2018-09-12-gartner-forecasts-worldwide-public-cloud-revenue-to-grow-17-percent-in-2019},
	note         = {https://www.gartner.com/en/newsroom/press-releases/2018-09-12-gartner-forecasts-worldwide-public-cloud-revenue-to-grow-17-percent-in-2019 [Accessed: 02. 05. 2019]}
}



@article{Dastjerdi:2012:DOA:2275356.2275360,
	title        = {A Dependency-aware Ontology-based Approach for Deploying Service Level Agreement Monitoring Services in Cloud},
	author       = {Dastjerdi, Amir Vahid and Tabatabaei, Sayed Gholam Hassan and Buyya, Rajkumar},
	year         = 2012,
	month        = apr,
	journal      = {Softw. Pract. Exper.},
	publisher    = {John Wiley \& Sons, Inc.},
	address      = {New York, NY, USA},
	volume       = 42,
	number       = 4,
	pages        = {501--518},
	doi          = {10.1002/spe.1104},
	issn         = {0038-0644},
	url          = {http://dx.doi.org/10.1002/spe.1104},
	acmid        = 2275360,
	issue_date   = {April 2012},
	keywords     = {Cloud computing, Semantic Web Service, monitoring, service level agreement},
	numpages     = 18,
	bdsk-url-1   = {http://dx.doi.org/10.1002/spe.1104}
}
@book{gold,
	title        = {Genetic Algorithms in Search, Optimization, and Machine Learning},
	author       = {David E. Goldberg},
	year         = 1989,
	publisher    = {Addison-Wesley Professional, ISBN 978-0201157673},
	date-added   = {2011-08-16 19:48:20 +0000},
	date-modified = {2011-08-16 19:51:19 +0000}
}
@misc{CloudSLAwhite,
	title        = {{Comparing Public Cloud Service Level Agreements}},
	author       = {{Dimension Data}},
	year         = 2013,
	url          = {http://cloud.dimensiondata.com/sites/default/files/comparing_public_cloud_service_level_agreements_0_0.pdf},
	note         = {{http://cloud.dimensiondata.com/sites/default/files/comparing{\_}public{\_}cloud{\_}service{\_}level{\_}agreements{\_}0{\_}0.pdf} [Accessed: 02. 05. 2015]},
	optdate      = 2013,
	bdsk-url-1   = {%09http://cloud.dimensiondata.com/sites/default/files/comparing_public_cloud_service_level_agreements_0_0.pdf}
}
@article{Zissis2012583,
	title        = {Addressing cloud computing security issues},
	author       = {Dimitrios Zissis and Dimitrios Lekkas},
	year         = 2012,
	journal      = {Future Generation Computer Systems},
	volume       = 28,
	number       = 3,
	pages        = {583--592},
	doi          = {http://dx.doi.org/10.1016/j.future.2010.12.006},
	issn         = {0167-739X},
	url          = {http://www.sciencedirect.com/science/article/pii/S0167739X10002554},
	keywords     = {Trust},
	bdsk-url-1   = {http://www.sciencedirect.com/science/article/pii/S0167739X10002554},
	bdsk-url-2   = {http://dx.doi.org/10.1016/j.future.2010.12.006}
}
@article{Autonomic2010,
	title        = {Fulfilling the Vision of Autonomic Computing},
	author       = {Dobson, Simon and Sterritt, Roy and Nixon, P. and Hinchey, M.},
	year         = 2010,
	month        = 1,
	journal      = {Computer},
	volume       = 43,
	number       = 1,
	pages        = {35--41},
	doi          = {10.1109/MC.2010.14},
	issn         = {0018-9162},
	keywords     = {fault tolerant computing;autonomic computing;next-generation enterprise;self-managing systems;sensor systems;systems engineering;Computer vision;Sensor systems;Systems engineering and theory;Adaptive systems;Autonomic computing;Self-managing systems;Systems engineering},
	bdsk-url-1   = {http://dx.doi.org/10.1109/MC.2010.14}
}
@article{Pattie1996151,
	title        = {Using a neural network to forecast visitor behavior},
	author       = {Douglas C Pattie and John Snyder},
	year         = 1996,
	journal      = {Annals of Tourism Research},
	volume       = 23,
	number       = 1,
	pages        = {151--164},
	issn         = {0160-7383},
	keywords     = {validation}
}
@misc{Dropbox,
	author       = {{Dropbox Inc.}},
	title		= {{Dropbox Website}},
	year         = 2014,
	url          = {https://www.dropbox.com/},
	note         = {{https://www.dropbox.com} [Accessed: 12. 09. 2014]},
	date-added   = {2014-10-20 14:32:08 +0000},
	date-modified = {2014-10-20 14:32:15 +0000},
	bdsk-url-1   = {https://www.dropbox.com/}
}
@book{MAPE-K,
	title        = {Problem Determination Using Self-Managing Autonomic Technology},
	author       = {Edson Manoel and Morten Jul Nielsen and Abdi Salahshour and Sai Sampath and Sanjeev Sudarshanan},
	year         = 2005,
	publisher    = {IBM Redbooks},
	note         = {ISBN 978-0738-4911-10}
}
@article{articleEmeakaroha2013,
	title        = {{Cloud resource provisioning and SLA enforcement via LoM2HiS framework}},
	author       = {Emeakaroha, Vincent and Brandic, Ivona and Maurer, Michael and Dustdar, Schahram},
	year         = 2013,
	month        = 7,
	journal      = {Concurrency and Computation: Practice and Experience},
	volume       = 25,
	doi          = {10.1002/cpe.2944},
	bdsk-url-1   = {https://doi.org/10.1002/cpe.2944}
}
@article{EMEAKAROHA20121017,
	title        = {Towards autonomic detection of SLA violations in Cloud infrastructures},
	author       = {Emeakaroha, Vincent and Netto, Marco and Calheiros, Rodrigo and Brandic, Ivona and Buyya, Rajkumar and DeRose, Cesar},
	year         = 2012,
	journal      = {Future Generation Computer Systems},
	volume       = 28,
	number       = 7,
	pages        = {1017--1029},
	issn         = {0167-739X},
	url          = {http://www.sciencedirect.com/science/article/pii/S0167739X11002184},
	note         = {Special section: Quality of Service in Grid and Cloud Computing},
	keywords     = {Service level agreement, Resource monitoring, SLA violation detection, SLA enactment, Cloud architecture},
	bdsk-url-1   = {http://www.sciencedirect.com/science/article/pii/S0167739X11002184}
}
@article{emeakaroha2010low,
	title        = {{Low level metrics to high level SLAs-LoM2HiS framework: Bridging the gap between monitored metrics and SLA parameters in cloud environments}},
	author       = {Emeakaroha, Vincent C and Brandic, Ivona and Maurer, Michael and Dustdar, Schahram},
	year         = 2010,
	journal    = {2010 International Conference on High Performance Computing \& Simulation},
	pages        = {48--54},
	organization = {IEEE}
}
@article{10.1007/978-3-540-77918-6_18,
	title        = {Minimum Weighted Sum Bin Packing},
	author       = {Epstein, Leah and Levin, Asaf},
	year         = 2008,
	journal    = {Approximation and Online Algorithms},
	publisher    = {Springer Berlin Heidelberg},
	address      = {Berlin, Heidelberg},
	pages        = {218--231},
	note         = {ISBN 978-3-540-77918-6},
	abstract     = {We study minimum weighted sum bin packing (MWSBP), which is a bin packing problem where the cost of an item is the index of the bin into which it is packed multiplied by its weight, and the goal is to minimize the total cost of the items. This is equivalent to a batch scheduling problem which we define, where the total weighted completion time is to be minimized. This problem is previously known to be NP-hard in the strong sense even for unit weight items. We design a polynomial time approximation scheme for it, and additionally, a dual polynomial time approximation scheme.},
	editor       = {Kaklamanis, Christos and Skutella, Martin}
}
@article{Guresen201110389,
	title        = {Using artificial neural network models in stock market index prediction},
	author       = {Erkam Guresen and Gulgun Kayakutlu and Tugrul U. Daim},
	year         = 2011,
	journal      = {Expert Systems with Applications},
	volume       = 38,
	number       = 8,
	pages        = {10389--10397},
	issn         = {0957-4174},
	keywords     = {Hybrid forecasting models}
}
@book{NISTArch,
	title        = {{NIST Cloud Computing Reference Architecture}},
	author       = {Fang Liu and Jin Tong and Jian Mao and Robert B; Bohn and John V. Messina and Mark L; Badger and Dawn M; Leaf},
	year         = 2011,
	publisher    = {National Institute of Standards and Technology},
	note         = {{http://www.nist.gov/manuscript-publication-search.cfm?=909505 [Accessed: 24. 06. 2014]}}
}

@article{fatema2014survey,
	title        = {A survey of Cloud monitoring tools: Taxonomy, capabilities and objectives},
	author       = {Fatema, Kaniz and Emeakaroha, Vincent C and Healy, Philip D and Morrison, John P and Lynn, Theo},
	year         = 2014,
	journal      = {Journal of Parallel and Distributed Computing},
	publisher    = {Elsevier},
	volume       = 74,
	number       = 10,
	pages        = {2918--2933}
}
@article{fei2005design,
	title        = {The design of an autonomic computing model and the algorithm for decision-making},
	author       = {Fei, Wang and Fan-Zhang, Li},
	year         = 2005,
	journal    = {Granular Computing, 2005 IEEE International Conference on},
	volume       = 1,
	pages        = {270--273},
	organization = {IEEE}
}
@article{5557978,
	title        = {{QoS Aware Clouds}},
	author       = {Ferretti, S. and Ghini, V. and Panzieri, F. and Pellegrini, M. and Turrini, E.},
	year         = 2010,
	month        = jul,
	journal    = {Cloud Computing (CLOUD), 2010 IEEE 3rd International Conference on},
	pages        = {321--328},
	doi          = {10.1109/CLOUD.2010.17},
	keywords     = {Internet;middleware},
	bdsk-url-1   = {http://dx.doi.org/10.1109/CLOUD.2010.17}
}
@article{Cloud360,
	title        = {{Cloud Computing and Grid Computing 360-Degree Compared}},
	author       = {Foster, I. and Zhao, Yong and Raicu, I. and Lu, Shiyong},
	year         = 2008,
	month        = nov,
	day          = 16,
	journal      = {Grid Computing Environments Workshop, 2008. GCE '08},
	booktitle    = {Grid Computing Environments Workshop, 2008. GCE \&\#039;08},
	location     = {Austin, TX, USA},
	publisher    = {IEEE},
	pages        = {1--10},
	doi          = {10.1109/gce.2008.4738445},
	isbn         = {978-1-4244-2860-1},
	url          = {http://dx.doi.org/10.1109/gce.2008.4738445},
	abstract     = {{Cloud computing has become another buzzword after Web 2.0. However, there are dozens of different definitions for cloud computing and there seems to be no consensus on what a cloud is. On the other hand, cloud computing is not a completely new concept; it has intricate connection to the relatively new but thirteen-year established grid computing paradigm, and other relevant technologies such as utility computing, cluster computing, and distributed systems in general. This paper strives to compare and contrast cloud computing with grid computing from various angles and give insights into the essential characteristics of both.}},
	citeulike-article-id = 4214978,
	citeulike-linkout-0 = {http://dx.doi.org/10.1109/gce.2008.4738445},
	citeulike-linkout-1 = {http://ieeexplore.ieee.org/xpls/abs\_all.jsp?arnumber=4738445},
	institution  = {Dept. of Comput. Sci., Univ. of Chicago, Chicago, IL, USA},
	keywords     = {cloud, computing, grid},
	posted-at    = {2009-04-24 18:57:53},
	priority     = 0,
	bdsk-url-1   = {http://dx.doi.org/10.1109/gce.2008.4738445}
}
@article{Fuzzy,
	title        = {Fuzzy Controled QoS for Scalable Cloud Computing Services},
	author       = {Frey, S. and L\"uthje, C. and Huwwa, V. and Reich, C.},
	journal    = {CLOUD COMPUTING 2013, The Fourth International Conference on Cloud Computing, GRIDs, and Virtualization},
	note         = {2013, pp. 150-155},
	date         = 2013
}
@article{A-SLO-A,
	title        = {{Adaptable Service Level Objective Agreement (A-SLO-A) for Cloud Services}},
	author       = {Frey, S. and L\"uthje, C. and Teckelmann, R. and Reich, C.},
	year         = 2013,
	journal    = {CLOSER 2013, pp. 457-462, SciTePress},
	note         = {ISBN 978-989-8565-52-5}
}
@article{fuzzyQoS,
	title        = {{Cloud QoS Scaling by Fuzzy Logic}},
	author       = {Frey, S. and Luthje, C. and Reich, C. and Clarke, N.},
	year         = 2014,
	month        = mar,
	journal    = {Cloud Engineering (IC2E), 2014 IEEE International Conference on},
	pages        = {343--348},
	doi          = {10.1109/IC2E.2014.30},
	keywords     = {cloud computing;contracts;fuzzy logic;quality of experience;resource allocation;QoS characteristics;SLA;cloud QoS scaling;cloud infrastructures;cloud resources;cloud services;contract;down scaling mechanism;fuzzy logic;performance load;performance prediction model;quality of service characteristics;resource utilization;service level agreement;up scaling mechanism;Clouds;Fuzzy control;Fuzzy logic;Load modeling;Meteorology;Quality of service;Time factors;Cloud Computing;Elasticity;Fuzzy Logic;QoS;SLA;Scaling Service},
	bdsk-url-1   = {http://dx.doi.org/10.1109/IC2E.2014.30}
}
@article{Fu:2006:GSG:1170138.1170724,
	title        = {GridEye: A Service-oriented Grid Monitoring System with Improved Forecasting Algorithm},
	author       = {Fu, Wei and Huang, Qian},
	year         = 2006,
	journal    = {proceedings of the Fifth International Conference on Grid and Cooperative Computing Workshops},
	publisher    = {IEEE Computer Society},
	address      = {Washington, DC, USA},
	series       = {GCCW '06},
	pages        = {5--12},
	doi          = {10.1109/GCCW.2006.51},
	isbn         = {0-7695-2695-0},
	url          = {http://dx.doi.org/10.1109/GCCW.2006.51},
	acmid        = 1170724,
	numpages     = 8,
	bdsk-url-1   = {http://dx.doi.org/10.1109/GCCW.2006.51}
}
@article{Langella2010328,
	title        = {High-resolution space--time rainfall analysis using integrated \{ANN\} inference systems},
	author       = {G. Langella and A. Basile and A. Bonfante and F. Terribile},
	year         = 2010,
	journal      = {Journal of Hydrology},
	volume       = 387,
	number       = {3--4},
	pages        = {328--342},
	issn         = {0022-1694},
	keywords     = {Spatial map}
}
@article{gangadharan2007service,
	title        = {Service license life cycle},
	author       = {Gangadharan, G. R. and Frankova, G. and D'Andrea, V.},
	year         = 2007,
	journal    = {Collaborative Technologies and Systems, 2007. CTS 2007. International Symposium on},
	pages        = {150--158},
	doi          = {10.1109/CTS.2007.4621751},
	keywords     = {Web services;business relationships;distributed systems;service level agreements;service license life cycle;service providers;Collaboration;Collaborative software;Collaborative work;Communications technology;Law;Legal factors;Legislation;Licenses;Proposals;Technology transfer;Service Collaboration;Service Level Agreement;Service Licensing;Service Oriented Computing;Web Services},
	bdsk-url-1   = {http://dx.doi.org/10.1109/CTS.2007.4621751}
}
@misc{meaning,
	title        = {Cloud IaaS SLAs can be meaningless},
	author       = {{Gartner Research}},
	url          = {{http://blogs.gartner.com/lydia\_leong/2012/12/05/cloud-iaas-slas-can-be-meaningless}},
	year         = {2012},
	note         = {{http://blogs.gartner.com/lydia\_leong/2012/12/05/cloud-iaas-slas-can-be-meaningless} [Accessed: 12. 09. 2014]},
	date         = {2012.05.12},
	owner        = {frs},
	bdsk-url-1   = {%7Bhttp://blogs.gartner.com/lydia%5C_leong/2012/12/05/cloud-iaas-slas-can-be-meaningless%7D}
}
@book{Gillett:1997:SIC:275025.275027,
	title        = {Coordinating the Internet},
	author       = {Gillett, Sharon Eisner and Kapor, Mitchell},
	year         = 1997,
	note         = {The Self-Governing Internet: Coordination by Design, MIT Press Cambridge, MA, USA, pp. 3 - 38 ISBN 0-262-61136-8},
	pages        = {3--38},
	isbn         = {0-262-61136-8},
	acmid        = 275027,
	chapter      = {The Self-Governing Internet: Coordination by Design},
	numpages     = 36
}
@misc{GoogleApps,
	title        = {{Google Apps Website}},
	author       = {Google},
	year         = 2014,
	url          = {http://www.google.com/work/apps/business},
	note         = {{http://www.google.com/work/apps/business} [Accessed: 12. 09. 2014]},
	bdsk-url-1   = {http://www.google.com/work/apps/business/},
	date-added   = {2014-10-20 14:30:08 +0000},
	date-modified = {2014-10-20 14:35:09 +0000}
}
@misc{GoogleAppEngine,
	title       = {{Google App Engine Website}},
	author       = {Google},
	year         = 2014,
	url          = {https://cloud.google.com/appengine/docs},
	note         = {{https://cloud.google.com/appengine/docs} [Accessed: 12. 09. 2014]},
	date-added   = {2014-10-20 14:30:08 +0000},
	date-modified = {2014-10-20 14:35:09 +0000},
	bdsk-url-1   = {https://cloud.google.com/appengine/docs}
}
@misc{Googlecompute,
	title       = {{Google Compute Website}},
	author       = {Google},
	year         = 2014,
	url          = {https://cloud.google.com/compute},
	note         = {{https://cloud.google.com/compute} [Accessed: 12. 09. 2014]},
	date-added   = {2014-10-20 14:30:08 +0000},
	date-modified = {2014-10-20 14:35:09 +0000},
	bdsk-url-1   = {https://cloud.google.com/compute/}
}
@misc{GoogleDocs,
	title       = {{Google Docs Website}},
	author       = {Google},
	year         = 2014,
	url          = {https://docs.google.com},
	note         = {{https://docs.google.com} [Accessed: 12. 09. 2014]},
	date-added   = {2014-10-20 14:30:08 +0000},
	date-modified = {2014-10-20 14:35:09 +0000},
	bdsk-url-1   = {https://docs.google.com}
}
@misc{GoogleDrive,
	title       = {{Google Drive Website}},
	author       = {Google},
	year         = 2014,
	url          = {https://drive.google.com},
	note         = {{https://drive.google.com} [Accessed: 12. 09. 2014]},
	date-added   = {2014-10-20 14:30:42 +0000},
	date-modified = {2014-10-20 14:31:21 +0000},
	bdsk-url-1   = {https://drive.google.com}
}
@article{Zhang20011183,
	title        = {An investigation of neural networks for linear time-series forecasting},
	author       = {Guoqiang Peter Zhang},
	year         = 2001,
	journal      = {Computers and Operations Research},
	volume       = 28,
	number       = 12,
	pages        = {1183--1202},
	issn         = {0305-0548}
}
@article{Zhang199835,
	title        = {Forecasting with artificial neural networks: The state of the art},
	author       = {Guoqiang Zhang and B. Eddy Patuwo and Michael Y. Hu},
	year         = 1998,
	journal      = {International Journal of Forecasting},
	volume       = 14,
	number       = 1,
	pages        = {35--62},
	issn         = {0169-2070},
	keywords     = {Forecasting}
}
@article{6150077,
	title        = {Ant Colony Optimization Based Service Flow Scheduling with Various QoS Requirements in Cloud Computing},
	author       = {H. {Liu} and D. {Xu} and H. K. {Miao}},
	year         = 2011,
	month        = dec,
	journal    = {2011 First ACIS International Symposium on Software and Network Engineering},
	pages        = {53--58},
	doi          = {10.1109/SSNE.2011.18},
	keywords     = {ant colony optimisation;cloud computing;formal specification;quality of service;scheduling;system monitoring;ant colony optimization;QoS requirements;cloud computing;workflow scheduling;job scheduling;service flow scheduling optimization;cloud service provider;service level agreement;SLA monitoring module;cloud service running state monitoring;Cloud computing;Quality of service;Reliability;Processor scheduling;Security;Schedules;Optimization;Cloud Computing;ant colony optimization (ACO);Cloud service;Service level agreement;Service flow scheduling},
	bdsk-url-1   = {https://doi.org/10.1109/SSNE.2011.18}
}
@book{Wieder2011,
	title={Service level agreements for cloud computing},
	author={Wieder, Philipp and Butler, Joe M and Theilmann, Wolfgang and Yahyapour, Ramin},
	year={2011},
	note = {ISBN 978-1-4614-1614-2},
	publisher={Springer Science \& Business Media}
}
@book{Happe2011,
	title={Service level agreements for cloud computing},
	author={Wieder, Philipp and Butler, Joe M and Theilmann, Wolfgang and Yahyapour, Ramin},
	year={2011},
	note = {ISBN 978-1-4614-1614-2},
	publisher={Springer Science \& Business Media}
}
@article{packingclass,
	title        = {{A typology of cutting and packing problems}},
	author       = {Harald Dyckhoff},
	year         = 1990,
	journal      = {European Journal of Operational Research,Volume 44, Issue 2, 25 January 1990, Pages 145-159},
	date-added   = {2011-08-03 20:40:58 +0000},
	date-modified = {2011-08-03 20:42:10 +0000}
}
@article{hasselmeyer2007negotiating,
	title        = {{Negotiating SLAs with dynamic pricing policies}},
	author       = {Hasselmeyer, Peer and Koller, Bastian and Kotsiopoulos, Ioannis and Kuo, Dean and Parkin, Michael},
	year         = 2007,
	journal      = {Proceedings of the SOC@ Inside'07}
}
@article{Hippert910780,
	title        = {Neural networks for short-term load forecasting: a review and evaluation},
	author       = {Hippert, H.S. and Pedreira, C.E. and Souza, R.C.},
	year         = 2001,
	month        = feb,
	journal      = {Power Systems, IEEE Transactions on},
	volume       = 16,
	number       = 1,
	pages        = {44--55},
	doi          = {10.1109/59.910780},
	issn         = {0885-8950},
	keywords     = {load forecasting;neural nets;power system analysis supply industry;Load forecasting;Multi-layer neural network;Neural networks;Predictive models;Testing},
	bdsk-url-1   = {http://dx.doi.org/10.1109/59.910780}
}
@book{SLAEntwurf,
	title        = {Entwurf von Service Level Agreements auf der Basis von Dienstprozessen},
	author       = {Holger Schmidt},
	year         = 2001,
	publisher    = {Herbert Utz M\"unchen},
	note         = {ISBN: 3-8316-0071-6}
}
@article{horn2001autonomic,
	title        = {{Autonomic computing: IBMs Perspective on the State of Information Technology}},
	author       = {Horn, Paul},
	year         = 2001,
	publisher = {IBM Press}
}
@article{hu2013kswsvr,
	title        = {Kswsvr: A new load forecasting method for efficient resources provisioning in cloud},
	author       = {Hu, Rongdong and Jiang, Jingfei and Liu, Guangming and Wang, Lixin},
	year         = 2013,
	journal    = {Services Computing (SCC), 2013 IEEE International Conference on},
	pages        = {120--127},
	organization = {IEEE}
}
@article{inproceedingshu2009,
	title        = {Resource provisioning for cloud computing},
	author       = {Hu, Ye and Wong, Johnny and Iszlai, Gabriel and Litoiu, Marin},
	year         = 2009,
	month        = 1,
	journal      = {proceedings of the 2009 Conference of the Center for Advanced Studies on Collaborative Research, CASCON '09},
	pages        = {101--111},
	doi          = {10.1145/1723028.1723041},
	bdsk-url-1   = {https://doi.org/10.1145/1723028.1723041}
}
@article{5614035,
	title        = {LAYSI: A Layered Approach for SLA-Violation Propagation in Self-Manageable Cloud Infrastructures},
	author       = {I. {Brandic} and V. C. {Emeakaroha} and M. {Maurer} and S. {Dustdar} and S. {Acs} and A. {Kertesz} and G. {Kecskemeti}},
	year         = 2010,
	month        = jul,
	journal    = {2010 IEEE 34th Annual Computer Software and Applications Conference Workshops},
	pages        = {365--370},
	doi          = {10.1109/COMPSACW.2010.70},
	keywords     = {contract law;fault tolerant computing;Internet;LAYSI;SLA violation propagation;self manageable cloud infrastructure;cloud computing;resource allocation;service level agreement;autonomic computing;Clouds;Monitoring;Computer architecture;Measurement;Bandwidth;Databases;Variable speed drives;Cloud Computing;SLA management;autonomic computing},
	bdsk-url-1   = {https://doi.org/10.1109/COMPSACW.2010.70}
}
@book{VM,
	title        = {{The Virtualization Cookbook for IBM z/VM 6.3, RHEL 6.4, and SLES 11 SP3}},
	author       = {IBM},
	year         = 2014,
	publisher    = {IBM Redbooks},
	note         = {ISBN 978-0-7384-3893-1}
}
@article{Kaastra1996215,
	title        = {Designing a neural network for forecasting financial and economic time series},
	author       = {Iebeling Kaastra and Milton Boyd},
	year         = 1996,
	journal      = {Neurocomputing},
	volume       = 10,
	number       = 3,
	pages        = {215--236},
	issn         = {0925-2312},
	note         = {Financial Applications, Part II},
	keywords     = {Momentum and forecast evaluation criteria}
}
@article{imam2011neural,
	title        = {Neural network and regression based processor load prediction for efficient scaling of Grid and Cloud resources},
	author       = {Imam, Md Toukir and Miskhat, Sheikh Faisal and Rahman, Rashedur M and Amin, M Ashraful},
	year         = 2011,
	journal    = {Computer and Information Technology (ICCIT), 2011 14th International Conference on},
	pages        = {333--338},
	organization = {IEEE}
}
@collection{ISOnew,
	author       = {{International Organization for Standardization}},
	 title       = {{ISO/IEC NP 19086-2 Information technology -- Cloud computing -- Service level agreement (SLA) framework and Technology -- Part 2: Metrics}},
	year         = 2014,
	url          = {http://www.iso.org/iso/home/store/catalogue_tc/catalogue_detail.htm?csnumber=67546},
	note         = {{http://www.iso.org/iso/home/store/catalogue{\_}tc/catalogue{\_}detail.htm?csnumber=67546 } [Accessed: 22. 09. 2014]},
	bdsk-url-1   = {http://www.iso.org/iso/home/store/catalogue_tc/catalogue_detail.htm?csnumber=67546},
	date-modified = {2014-09-27 22:49:14 +0000},
	optdate      = 2014,
	bdsk-url-2   = {%09%09http://www.iso.org/iso/home/store/catalogue_tc/catalogue_detail.htm?csnumber=67546}
}
@misc{JTC,
	title        = {{JTC SC 38 Study Group Report on Cloud Computing}},
	author       = {{ISO/IEC SC 38 Study Group}},
	publisher    = {International Organization for Standardization, Tech. Rep.},
	url          = {http://isotc.iso.org},
	note         = {{http://isotc.iso.org} [Accessed: 17. 06. 2014]},
	date         = 2011,
	bdsk-url-1   = {http://isotc.iso.org}
}
@article{Prevost2011PredictionOC,
	title        = {Prediction of cloud data center networks loads using stochastic and neural models},
	author       = {John Prevost and Kranthimanoj Nagothu and Brian Todd Kelley and Mo M. Jamshidi},
	year         = 2011,
	journal      = {2011 6th International Conference on System of Systems Engineering},
	pages        = {276--281}
}
@misc{Juniper,
	title        = {{Cloud Computing - Consumer Markets - Strategies \& Forecasts 2014-2018}},
	author       = {{Juniper Research}},
	year         = 2014,
	url          = {http://www.juniperresearch.com/reports.php?id=739},
	note         = {{http://www.juniperresearch.com/reports.php?id=739} [Accessed: 12. 08. 2014]},
	optdate      = 2014,
	bdsk-url-1   = {http://www.juniperresearch.com/reports.php?id=739}
}
@article{Kubert:2011:RIW:1967428.1967444,
	title        = {{A RESTful Implementation of the WS-agreement Specification}},
	author       = {K\"{u}bert, Roland and Katsaros, Gregory and Wang, Tinghe},
	year         = 2011,
	journal    = {proceedings of the Second International Workshop on RESTful Design},
	location     = {Hyderabad, India},
	publisher    = {ACM},
	address      = {New York, NY, USA},
	series       = {WS-REST '11},
	pages        = {67--72},
	doi          = {10.1145/1967428.1967444},
	isbn         = {978-1-4503-0623-2},
	url          = {http://doi.acm.org/10.1145/1967428.1967444},
	acmid        = 1967444,
	numpages     = 6,
	bdsk-url-1   = {http://doi.acm.org/10.1145/1967428.1967444},
	bdsk-url-2   = {https://doi.org/10.1145/1967428.1967444}
}
@book{np-comp2,
	title        = {Reducibility Among Combinatorial Problems},
	author       = {Karp, Richard M.},
	year         = 2010,
	publisher    = {50 Years of Integer Programming 1958-2008, Springer Berlin / Heidelberg, ISBN: 978-3-540-68279-0, S. 219 - 241},
	date-added   = {2011-08-03 20:00:58 +0000},
	date-modified = {2011-08-03 20:04:12 +0000}
}
@book{evoalgo,
	title        = {Evolution{\"a}re Algorithmen},
	author       = {Karsten Weicker},
	year         = {ISBN: 978-3-8351-0219-4 , 2007},
	publisher    = {Springer Berlin / Heidelberg},
	date-added   = {2011-08-02 19:36:32 +0000},
	date-modified = {2011-08-02 20:12:02 +0000},
	read         = 1
}
@article{wsla,
	title        = {{The WSLA Framework: Specifying and Monitoring Service Level Agreements for Web Services}},
	author       = {Keller, Alexander and Ludwig, Heiko},
	year         = 2003,
	month        = mar,
	journal      = {Journal of Network and Systems Management},
	publisher    = {Plenum Press},
	address      = {New York, NY, USA},
	volume       = 11,
	number       = 1,
	pages        = {57--81},
	doi          = {10.1023/A:1022445108617},
	issn         = {1064-7570},
	url          = {http://dx.doi.org/10.1023/A:1022445108617},
	acmid        = 635442,
	issue_date   = {March 2003},
	keywords     = {Service Level Agreements, WSLA, Web Services, electronic contracts, service management},
	numpages     = 25,
	bdsk-url-1   = {http://dx.doi.org/10.1023/A:1022445108617}
}
@article{kephart2005research,
	title        = {Research challenges of autonomic computing},
	author       = {Kephart, Jeffrey O},
	year         = 2005,
	journal    = {proceedings of the 27th international conference on Software engineering},
	pages        = {15--22},
	organization = {ACM}
}
@article{kephart2003vision,
	title        = {{The vision of autonomic computing}},
	author       = {Kephart, Jeffrey O; and Chess, David M;},
	year         = 2003,
	journal      = {Computer},
	publisher    = {IEEE},
	volume       = 36,
	number       = 1,
	pages        = {41--50}
}
@article{Kearney2011b,
	title        = {{SLA*: An Abstract Syntax for Service Level Agreements}},
	author       = {Keven T. Kearney and Francesco Torelli and Constantinos Kotsokalis},
	year         = 2011,
	journal      = {11th IEEE/ACM International Conference on Grid Computing},
	pages        = {217--224},
	doi          = {10.1109/GRID.2010.5697973},
	url          = {http://ieeexplore.ieee.org/stamp/stamp.jsp?tp=&arnumber=5697973},
	owner        = {reich},
	timestamp    = {2012.07.13},
	bdsk-url-1   = {http://ieeexplore.ieee.org/stamp/stamp.jsp?tp=&arnumber=5697973},
	bdsk-url-2   = {http://dx.doi.org/10.1109/GRID.2010.5697973}
}
@article{Kearney2011,
	title        = {{SLA*: An Abstract Syntax for Service Level Agreements}},
	author       = {Keven T. Kearney and Francesco Torelli and Constantinos Kotsokalis},
	year         = 2011,
	journal      = {11th IEEE/ACM International Conference on Grid Computing},
	pages        = {217--224},
	doi          = {10.1109/GRID.2010.5697973},
	owner        = {reich},
	timestamp    = {2012.07.13},
	bdsk-url-1   = {http://dx.doi.org/10.1109/GRID.2010.5697973}
}
@article{kouki2014language,
	title        = {A language support for cloud elasticity management},
	author       = {Kouki, Yousri and De Oliveira, Frederico Alvares and Dupont, Simon and Ledoux, Thomas},
	year         = 2014,
	journal    = {2014 14th IEEE/ACM International Symposium on Cluster, Cloud and Grid Computing},
	pages        = {206--215},
	organization = {IEEE}
}
@article{Hornik1991251,
	title        = {Approximation capabilities of multilayer feedforward networks},
	author       = {Kurt Hornik},
	year         = 1991,
	journal      = {Neural Networks},
	volume       = 4,
	number       = 2,
	pages        = {251--257},
	issn         = {0893-6080},
	keywords     = {Smooth approximation}
}
@article{Hornik1989359,
	title        = {Multilayer feedforward networks are universal approximators},
	author       = {Kurt Hornik and Maxwell Stinchcombe and Halbert White},
	year         = 1989,
	journal      = {Neural Networks},
	volume       = 2,
	number       = 5,
	pages        = {359--366},
	issn         = {0893-6080},
	keywords     = {Back-propagation networks}
}
@article{Wilson_1984,
	title        = {{ALGORITHMS, Addison-Wesley Publishing Company, 1983. No. of pages: 552.}},
	author       = {Robert Sedgewick},
	year         = 1984,
	month        = may,
	journal      = {Software: Practice and Experience},
	publisher    = {Wiley},
	volume       = 14,
	number       = 5,
	pages        = {501--502},
	doi          = {10.1002/spe.4380140510},
	url          = {https://doi.org/10.1002%2Fspe.4380140510},
	bdsk-url-1   = {https://doi.org/10.1002%2Fspe.4380140510},
	bdsk-url-2   = {https://doi.org/10.1002/spe.4380140510}
}
@techreport{LapedesFarber87,
	title        = {{Nonlinear Signal Processing Using Neural Networks: Prediction and System Modelling}},
	author       = {Lapedes, A. and Farber, R.},
	year         = 1987,
	address      = {Los Alamos, NM},
	number       = {LA-UR-87-2662},
	institution  = {Los Alamos National Laboratory},
	keywords     = {algorithms},
	posted-at    = {2011-10-19 04:49:13},
	priority     = 2
}
@article{Lawrence:2010:USL:2050107.2050112,
	title        = {Using service level agreements for optimising cloud infrastructure services},
	author       = {Lawrence, Andy and Djemame, Karim and W\"{a}ldrich, Oliver and Ziegler, Wolfgang and Zsigri, Csilla},
	year         = 2011,
	journal    = {proceedings of the 2010 international conference on Towards a service-based internet},
	location     = {Ghent, Belgium},
	publisher    = {Springer-Verlag},
	address      = {Berlin, Heidelberg},
	series       = {ServiceWave'10},
	pages        = {38--49},
	isbn         = {978-3-642-22759-2},
	url          = {http://dl.acm.org/citation.cfm?id=2050107.2050112},
	acmid        = 2050112,
	numpages     = 12,
	bdsk-url-1   = {http://dl.acm.org/citation.cfm?id=2050107.2050112}
}
@article{li2014sla,
	title        = {An SLA-aware load balancing scheme for cloud datacenters},
	author       = {Li, Chung-Cheng and Wang, Kuochen},
	year         = 2014,
	journal    = {Information Networking (ICOIN), 2014 International Conference on},
	pages        = {58--63},
	organization = {IEEE}
}
@article{Liu2011,
	title        = {{NIST Cloud Computing Reference Architecture}},
	author       = {Liu, F. and Tong, J. and Mao, J. and Bohn, R. B. and Messina, J. V. and Badger, M. L. and Leaf, D. M.},
	year         = 2011,
	url          = {http://www.nist.gov/customcf/get_pdf.cfm?pub_id=909505},
	institution  = {National Institute of Standards and Technology},
	organization = {National Institute of Standards and Technology},
	owner        = {reich},
	timestamp    = {2012.07.13},
	note   = {{http://www.nist.gov/customcf/get{\_}pdf.cfm?pub{\_}id=909505} [Accessed: 03. 05. 2013]}
}
@misc{Ludwig03WSLA,
	title        = {{Web Service Level Agreement (WSLA) Language Specification, v1.0}},
	author       = {Ludwig, Heiko and Keller, Alexander and Dan, Asit and King, Richard P. and Franck, Richard},
	year         = 2003,
	month        = jan,
	url          = {http://www.research.ibm.com/wsla/WSLASpecV1-20030128.pdf},
	citeulike-article-id = 327756,
	citeulike-linkout-0 = {http://www.research.ibm.com/wsla/WSLASpecV1-20030128.pdf},
	keywords     = {bibtex-import},
	posted-at    = {2005-09-21 06:42:21},
	note         = {{http://www.research.ibm.com/wsla/WSLASpecV1-20030128.pdf} [Accessed: 03. 05. 2010]}
}

@misc{Ludwig2003,
	title        = {{Web Service Level Agreement (WSLA) Language Specification, v1.0}},
	author       = {Ludwig, Heiko and Keller, Alexander and Dan, Asit and King, Richard P. and Franck, Richard},
	year         = 2003,
	month        = jan,
	url          = {http://www.research.ibm.com/wsla/WSLASpecV1-20030128.pdf},
	citeulike-article-id = 327756,
	citeulike-linkout-0 = {http://www.research.ibm.com/wsla/WSLASpecV1-20030128.pdf},
	keywords     = {bibtex-import},
	posted-at    = {2005-09-21 06:42:21},
	note         = {{http://www.research.ibm.com/wsla/WSLASpecV1-20030128.pdf} [Accessed: 03. 05. 2010]}
}

@article{5610586,
	title        = {{Conceptual SLA framework for cloud computing}},
	author       = {M. {Alhamad} and T. {Dillon} and E. {Chang}},
	year         = 2010,
	month        = apr,
	journal    = {4th IEEE International Conference on Digital Ecosystems and Technologies},
	pages        = {606--610},
	doi          = {10.1109/DEST.2010.5610586},
	issn         = {2150-4946},
	bdsk-url-1   = {https://doi.org/10.1109/DEST.2010.5610586},
	keywords     = {business data processing;contracts;customer services;Web services;conceptual SLA framework;cloud computing;online service;service level agreement;service provider;online contract;negotiation strategy;Clouds;Cloud computing;Measurement;Contracts;Monitoring;Availability;SLA;Negotiation;Cloud computing;Trust management}
}
@article{5175897,
	title        = {Establishing and Monitoring SLAs in Complex Service Based Systems},
	author       = {M. {Comuzzi} and C. {Kotsokalis} and G. {Spanoudakis} and R. {Yahyapour}},
	year         = 2009,
	month        = jul,
	journal    = {2009 IEEE International Conference on Web Services},
	pages        = {783--790},
	doi          = {10.1109/ICWS.2009.47},
	keywords     = {Web services;service level agreement;complex service based systems;service economy;service provisioning;SLA hierarchy;heterogeneous services;SLA management framework;SLA@SOI EU FP7 Integrated Project;Monitoring;Project management;Contracts;Packaging;Software quality;Web services;Instruments;Context-aware services;Runtime;Communication industry;SLA;monitoring;negotiation},
	bdsk-url-1   = {https://doi.org/10.1109/ICWS.2009.47}
}

@article{6114435,
	title        = {Auto-scaling to minimize cost and meet application deadlines in cloud workflows},
	author       = {M. {Mao} and M. {Humphrey}},
	year         = 2011,
	month        = nov,
	journal      = {SC '11: proceedings of 2011 International Conference for High Performance Computing, Networking, Storage and Analysis},
	pages        = {1--12},
	issn         = {2167-4329},
	keywords     = {cloud computing;formal specification;resource allocation;scheduling;virtual machines;cost minimization;application deadline;cloud workflow;cloud computing;cloud resource allocation;schedule-based mechanism;rule-based mechanism;computing requirement;computing resources;resource utilization;user performance requirement;virtual machines;performance requirement specification;soft deadline assignment;scheduling task;cloud workload pattern;cost saving;Vectors;Dynamic scheduling;Data models;Servers;Silicon;Estimation;Schedules;Cloud computing;auto-scaling;cost-minimization}
}
@book{Network,
	title        = {Computer Networking from LANs to WANs: Hardware, Software, and Security},
	author       = {Mansfield, K. C. and Antonakos, J. L.},
	year         = 2010,
	publisher    = {Boston: Course Technology, Cengage Learning},
	note         = {ISBN: 9781743044544}
}
@book{GuideToCC,
	title        = {The Ultimate Guide to Cloud Computing},
	author       = {Maxwell Cooter and Cloud Pro},
	year         = 2011,
	publisher    = {Dennis Publishing},
	note          = {ISBN 978-1781-0609-26}
}
@article{menasce2002load,
	title        = {Load testing, benchmarking, and application performance management for the web},
	author       = {Menasc{\'e}, Daniel A},
	year         = 2002,
	journal    = {Int. CMG Conference},
	pages        = {271--282}
}
@article{Behrendt2011,
	title        = {Cloud Computing Reference Architecture 2.0},
	author       = {Michael Behrendt and Bernard Glasner and Petra Kopp and Robert Dieckmann and Gerd Breiter and Stefan Pappe and Heather Kreger and Ali Arsanjani},
	year         = 2011,
	url          = {https://www.opengroup.org/cloudcomputing/uploads/40/23840/CCRA.IBMSubmission.02282011.doc},
	institution  = {IBM},
	organization = {IBM},
	owner        = {reich},
	timestamp    = {2012.07.13},
	bdsk-url-1   = {https://www.opengroup.org/cloudcomputing/uploads/40/23840/CCRA.IBMSubmission.02282011.doc}
}
@misc{Azure,
	author       = {Microsoft},
	title       = {{Azure Cloud Platform Website}},
	year         = 2014,
	url          = {https://azure.microsoft.com},
	note         = {{https://azure.microsoft.com} [Accessed: 12. 09. 2014]},
	date-added   = {2014-10-20 14:34:34 +0000},
	date-modified = {2014-10-20 14:34:55 +0000},
	bdsk-url-1   = {https://azure.microsoft.com}
}
@misc{Office365,
	author       = {Microsoft},
	title       = {{Office 365 Website}},
	year         = 2014,
	url          = {http://office.microsoft.com/de-de/},
	note         = {{http://office.microsoft.com/de-de [Accessed: 12. 09. 2014]}},
	date-added   = {2014-10-20 14:30:08 +0000},
	date-modified = {2014-10-20 14:35:09 +0000},
	bdsk-url-1   = {http://office.microsoft.com/de-de/}
}
@misc{OneDrive,
	author       = {{Microsoft}},
	title 		 = {{ OneDrive Website}},
	year         = 2014,
	url          = {https://onedrive.live.com},
	note         = {{https://onedrive.live.com [Accessed: 12. 09. 2014]}},
	date-added   = {2014-10-20 14:33:15 +0000},
	date-modified = {2014-10-20 14:33:28 +0000},
	bdsk-url-1   = {https://onedrive.live.com/}
}
@book{montgomery2013introduction,
	title        = {Introduction to Linear Regression Analysis},
	author       = {Montgomery, D.C. and Peck, E.A. and Vining, G.G.},
	year         = 2013,
	publisher    = {Wiley},
	series       = {Wiley Series in Probability and Statistics},
	note         = {ISBN 9781118627365},
	url          = {https://books.google.de/books?id=lSyiRZh09oEC},
	bdsk-url-1   = {https://books.google.de/books?id=lSyiRZh09oEC}
}
@article{Munawar:2008:AMD:1434239.1434256,
	title        = {Adaptive Monitoring with Dynamic Differential Tracing-Based Diagnosis},
	author       = {Munawar, Mohammad A. and Reidemeister, Thomas and Jiang, Miao and George, Allen and Ward, Paul A.},
	year         = 2008,
	journal    = {proceedings of the 19th IFIP/IEEE International Workshop on Distributed Systems: Operations and Management: Managing Large-Scale Service Deployment},
	location     = {Samos Island, Greece},
	publisher    = {Springer-Verlag},
	address      = {Berlin, Heidelberg},
	series       = {DSOM '08},
	pages        = {162--175},
	doi          = {10.1007/978-3-540-87353-2_13},
	isbn         = {978-3-540-85999-4},
	url          = {http://dx.doi.org/10.1007/978-3-540-87353-2_13},
	acmid        = 1434256,
	numpages     = 14,
	bdsk-url-1   = {http://dx.doi.org/10.1007/978-3-540-87353-2_13}
}
@book{murch2004autonomic,
	title        = {Autonomic computing},
	author       = {Murch, Richard},
	year         = 2004,
	publisher    = {{IBM Press}}
}
@book{Patel2009ServiceLA,
	title        = {Service Level Agreement in Cloud Computing},
	author       = {Pankesh Patel and Ajith Ranabahu and Amit Sheth},
	year         = 2009
}
@article{Park76685,
	title        = {Electric load forecasting using an artificial neural network},
	author       = {Park, D.C. and El-Sharkawi, M.A and Marks, R.J., II and Atlas, L.E. and Damborg, M.J.},
	year         = 1991,
	month        = may,
	journal      = {Power Systems, IEEE Transactions on},
	volume       = 6,
	number       = 2,
	pages        = {442--449},
	doi          = {10.1109/59.76685},
	issn         = {0885-8950},
	keywords     = {load forecasting;Training data;Weather forecasting},
	bdsk-url-1   = {http://dx.doi.org/10.1109/59.76685}
}
@book{10.1007/978-3-642-13731-0_24,
	title        = {Vector Bin Packing with Multiple-Choice},
	author       = {Patt-Shamir, Boaz and Rawitz, Dror},
	year         = 2010,
	booktitle    = {Algorithm Theory - SWAT 2010},
	publisher    = {Springer Berlin Heidelberg},
	address      = {Berlin, Heidelberg},
	pages        = {248--259},
	note         = {ISBN 978-3-642-13731-0},
	abstract     = {We consider a variant of bin packing called multiple-choice vector bin packing. In this problem we are given a set of n items, where each item can be selected in one of several D-dimensional incarnations. We are also given T bin types, each with its own cost and D-dimensional size. Our goal is to pack the items in a set of bins of minimum overall cost. The problem is motivated by scheduling in networks with guaranteed quality of service (QoS), but due to its general formulation it has many other applications as well. We present an approximation algorithm that is guaranteed to produce a solution whose cost is about ln D times the optimum. For the running time to be polynomial we require D{\thinspace}={\thinspace}O(1) and T{\thinspace}={\thinspace}O(logn). This extends previous results for vector bin packing, in which each item has a single incarnation and there is only one bin type. To obtain our result we also present a PTAS for the multiple-choice version of multidimensional knapsack, where we are given only one bin and the goal is to pack a maximum weight set of (incarnations of) items in that bin.},
	editor       = {Kaplan, Haim}
}
@article{McAdam2005848,
	title        = {Forecasting inflation with thick models and neural networks},
	author       = {Peter McAdam and Paul McNelis},
	year         = 2005,
	journal      = {Economic Modelling},
	volume       = 22,
	number       = 5,
	pages        = {848--867},
	issn         = {0264-9993},
	keywords     = {Bootstrap}
}
@book{NIST,
	title        = {The NIST Definition of Cloud Computing,},
	author       = {Peter, Mell and Timothy, Grance},
	year         = 2011,
	publisher    = {National Institute of Standards and Technology},
	url          = {http://csrc.nist.gov/publications/nistpubs/800-145/SP800-145.pdf},
	note         = {http://csrc.nist.gov/publications/nistpubs/800-145/SP800-145.pdf [Accessed: 24. 04. 2014]},
	bdsk-url-1   = {http://csrc.nist.gov/publications/nistpubs/800-145/SP800-145.pdf}
}
@article{prevost2011prediction,
	title        = {Prediction of cloud data center networks loads using stochastic and neural models},
	author       = {Prevost, John J and Nagothu, KranthiManoj and Kelley, Brian and Jamshidi, Mo},
	year         = 2011,
	journal    = {System of Systems Engineering (SoSE), 2011 6th International Conference on},
	pages        = {276--281},
	organization = {IEEE}
}



@article{6649686,
	title        = {KSwSVR: A New Load Forecasting Method for Efficient Resources Provisioning in Cloud},
	author       = {R. {Hu} and J. {Jiang} and G. {Liu} and L. {Wang}},
	year         = 2013,
	month        = jun,
	journal    = {2013 IEEE International Conference on Services Computing},
	pages        = {120--127},
	doi          = {10.1109/SCC.2013.67},
	keywords     = {cloud computing;learning (artificial intelligence);quality of service;regression analysis;resource allocation;support vector machines;KSwSVR method;resources provisioning;cloud provider;quality of service;QoS;resource utilization;fine-grained resource allocation;resource demand;multi-step-ahead load forecasting method;statistical learning theory;improved support vector regression algorithm;Kalman smoother;AR;BPNN;standard SVR;autoregression process;backpropagation neural network;service level agreements requirement;resources consumption;Support vector machines;Kalman filters;Load forecasting;Cloud computing;Standards;Prediction algorithms;Accuracy;Load forecasting;Resources provisioning;Support vector regression;Kalman smoother;Cloud computing},
	bdsk-url-1   = {https://doi.org/10.1109/SCC.2013.67}
}
@misc{rackspace,
	author       = {Rackspace},
	title        ={Rackspace Website},
	year         = 2014,
	url          = {http://www.rackspace.com},
	note         = {{http://www.rackspace.com} [Accessed: 12. 09. 2014]},
	date-added   = {2014-10-20 14:30:08 +0000},
	date-modified = {2014-10-20 14:35:09 +0000},
	bdsk-url-1   = {http://www.rackspace.com/}
}
@article{Raidl:1999:MCP:335527.335530,
	title        = {The Multiple Container Packing Problem: A Genetic Algorithm Approach with Weighted Codings},
	author       = {Raidl, G\"{u}nther R.},
	year         = 1999,
	month        = mar,
	journal      = {SIGAPP Appl. Comput. Rev.},
	publisher    = {ACM},
	address      = {New York, NY, USA},
	volume       = 7,
	number       = 2,
	pages        = {22--31},
	doi          = {10.1145/335527.335530},
	issn         = {1559-6915},
	url          = {http://doi.acm.org/10.1145/335527.335530},
	acmid        = 335530,
	issue_date   = {March 1999},
	keywords     = {combinatorial optimization, hybrid genetic algorithm, multiple container packing problem, weighted coding},
	numpages     = 10,
	bdsk-url-1   = {http://doi.acm.org/10.1145/335527.335530},
	bdsk-url-2   = {https://doi.org/10.1145/335527.335530}
}
@mastersthesis{Teckelmann2012,
	title        = {Service Level Objective Agreements Format zur Adaption von dynamischen SLAs in CloudIA},
	author       = {Ralf Teckelmann},
	year         = 2012,
	owner        = {reich},
	school       = {Hochschule Furtwangen University},
	timestamp    = {2012.07.28}
}
@book{Informs,
	title        = {Intermediaries in cloud-computing: A new computing paradigm},
	author       = {Ramnath K. Chellappa},
	year         = 1997,
	publisher    = {INFORMS Dallas 1997, Cluster: Electronic Commerce, Dallas, Texas}
}
@book{MIT-TechRev,
	title        = {Who Coined 'Cloud Computing'?},
	author       = {Regalado, Antonio},
	year         = 2011,
	publisher    = {MIT Technology Review Business in the Cloud},
	url          = {http://www.technologyreview.com/news/425970/who-coined-cloud-computing},
	note         = {{http://www.technologyreview.com/news/425970/who-coined-cloud-computing} [Accessed: 24. 06. 2014]},
	date-modified = {2014-09-27 22:49:14 +0000},
	optdate      = 2014,
	bdsk-url-1   = {http://www.technologyreview.com/news/425970/who-coined-cloud-computing}
}
@book{algo,
	title        = {Algorithmen},
	author       = {Robert Sedgewick},
	year         = 2002,
	publisher    = {Addison-Wesley, M{\"u}nchen : Pearson Education Deutschland, ISBN:3-8273-7032-9},
	date-added   = {2011-08-08 15:14:17 +0000},
	date-modified = {2011-08-08 15:16:29 +0000},
	read         = 1
}
@article{Roebber,
	title        = {Real-Time Forecasting of Snowfall Using a Neural Network},
	author       = {Roebber, Paul J. and Butt, Melissa R. and Reinke, Sarah J. and Grafenauer, Thomas J.},
	year         = 2007,
	month        = {2014/07/15},
	journal      = {Weather and Forecasting},
	booktitle    = {Weather and Forecasting},
	publisher    = {American Meteorological Society},
	volume       = 22,
	number       = 3,
	pages        = {676--684},
	doi          = {10.1175/WAF1000.1},
	isbn         = {0882-8156},
	annote       = {doi: 10.1175/WAF1000.1},
	da           = {2007/06/01},
	date         = {2007/06/01},
	date-added   = {2014-07-15 16:04:26 +0000},
	date-modified = {2014-07-15 16:04:46 +0000},
	journal1     = {Wea. Forecasting},
	m3           = {doi: 10.1175/WAF1000.1},
	ty           = {JOUR},
	year1        = 2007,
	bdsk-url-1   = {http://dx.doi.org/10.1175/WAF1000.1}
}
@article{Rumelhart:1986:LIR:104279.104293,
	title        = {Parallel Distributed Processing: Explorations in the Microstructure of Cognition, Vol. 1},
	author       = {Rumelhart, D. E. and Hinton, G. E. and Williams, R. J.},
	year         = 1986,
	publisher    = {MIT Press},
	address      = {Cambridge, MA, USA},
	pages        = {318--362},
	isbn         = {0-262-68053-X},
	url          = {http://dl.acm.org/citation.cfm?id=104279.104293},
	acmid        = 104293,
	chapter      = {Learning Internal Representations by Error Propagation},
	date         = {1986-01-01},
	ean          = 9780262680530,
	editor       = {Rumelhart, David E. and McClelland, James L. and PDP Research Group, CORPORATE},
	numpages     = 45,
	pagetotal    = 567,
	bdsk-url-1   = {http://dl.acm.org/citation.cfm?id=104279.104293}
}
@book{CCbasics,
	title        = {Cloud Computing Basics},
	author       = {S. Srinivasan},
	year         = 2014,
	publisher    = {Springer New York},
	address      = {ISBN 978-1-4614-7698-6},
	date-added   = {2014-09-27 22:45:11 +0000},
	date-modified = {2014-09-27 22:53:14 +0000},
	edition      = {1st}
}
@misc{Salesforce,
	author       = {Salesforce},
	year         = 2014,
	url          = {http://www.salesforce.com},
	note         = {{http://www.salesforce.com} [Accessed: 12. 09. 2014]},
	date-added   = {2014-10-20 14:30:08 +0000},
	date-modified = {2014-10-20 14:35:09 +0000},
	bdsk-url-1   = {http://www.salesforce.com/}
}
@article{PANDA2015176,
	title        = {Allocation-aware Task Scheduling for Heterogeneous Multi-cloud Systems},
	author       = {Sanjaya K. Panda and Indrajeet Gupta and Prasanta K. Jana},
	year         = 2015,
	journal      = {Procedia Computer Science},
	volume       = 50,
	pages        = {176--184},
	doi          = {https://doi.org/10.1016/j.procs.2015.04.081},
	issn         = {1877-0509},
	url          = {http://www.sciencedirect.com/science/article/pii/S1877050915005827},
	note         = {Big Data, Cloud and Computing Challenges},
	abstract     = {Cloud computing is one of the growing technology usage for the day-to-day business operations in today's IT industry. The diverse features of cloud such as on-demand self-service, quality of service, pay-per-usage pricing, virtualization and elasticity make the cloud more popular in industries as well as research communities. However, the mapping of the cloud resources in forms of virtual machines (VMs) to fulfill the customer requests is very challenging and a well-known NP-Complete problem. In this paper, we propose an allocation-aware task scheduling (ATS) algorithm for heterogeneous multi-cloud systems. The algorithm has three phases, namely matching, allocating and scheduling that aim to map the customer requests (or tasks) to the VMs of the clouds such that the overall completion time i.e., makespan is minimized. Moreover, the algorithm introduces a new phase called allocating to reschedule the tasks to meet the requirement of scheduling strategy. We perform rigorous experiments on benchmark as well as synthetic datasets and compare the experimental results by extending two existing multi-cloud scheduling algorithms as per the proposed model. The results clearly indicate that the proposed algorithm outperforms both the algorithms in terms of makespan and average cloud utilization.},
	keywords     = {Task Allocation, Multi-Cloud, Virtual Machine, Scheduler, Cloud Manager},
	bdsk-url-1   = {http://www.sciencedirect.com/science/article/pii/S1877050915005827},
	bdsk-url-2   = {https://doi.org/10.1016/j.procs.2015.04.081}
}
@article{saqib2017cloud,
	title        = {Cloud Monitoring: A Survey.},
	author       = {Saqib, Manasha},
	year         = 2017,
	journal      = {International Journal of Advanced Research in Computer Science},
	volume       = 8,
	number       = 2
}
@book{scholderer2011management,
	title        = {Management von Service-Level-Agreements: methodische Grundlagen und Praxisl{\"o}sungen mit CobiT, ISO 20000 und ITIL},
	author       = {Scholderer, R.},
	year         = 2011,
	publisher    = {Dpunkt.Verlag GmbH},
	note         = {ISBN 978-3-8986-4702-1},
	url          = {http://books.google.de/books?id=guPhSAAACAAJ},
	bdsk-url-1   = {http://books.google.de/books?id=guPhSAAACAAJ}
}
@article{Fahlman90thecascade-correlation,
	title        = {The cascade-correlation learning architecture},
	author       = {Scott E. Fahlman and Christian Lebiere},
	year         = 1990,
	journal      = {Advances in Neural Information Processing Systems 2},
	publisher    = {Morgan Kaufmann},
	pages        = {524--532}
}
@article{Spillner2009,
	title        = {Distributed Contracting and Monitoring in the Internet of Services},
	author       = {Spillner, Josef and Winkler, Matthias and Reichert, Sandro and Cardoso, Jorge and Schill, Alexander},
	year         = 2009,
	journal    = {proceedings of the 9th IFIP WG 6.1 International Conference on Distributed Applications and Interoperable Systems},
	location     = {Lisbon, Portugal},
	publisher    = {Springer-Verlag},
	address      = {Berlin, Heidelberg},
	series       = {DAIS '09},
	pages        = {129--142},
	doi          = {http://dx.doi.org/10.1007/978-3-642-02164-0_10},
	isbn         = {978-3-642-02163-3},
	url          = {http://dx.doi.org/10.1007/978-3-642-02164-0_10},
	acmid        = 1567958,
	numpages     = 14,
	bdsk-url-1   = {http://dx.doi.org/10.1007/978-3-642-02164-0_10}
}
@article{Spillner2009a,
	title        = {Distributed Contracting and Monitoring in the Internet of Services},
	author       = {Spillner, Josef and Winkler, Matthias and Reichert, Sandro and Cardoso, Jorge and Schill, Alexander},
	year         = 2009,
	journal    = {proceedings of the 9th IFIP WG 6.1 International Conference on Distributed Applications and Interoperable Systems},
	location     = {Lisbon, Portugal},
	publisher    = {Springer-Verlag},
	address      = {Berlin, Heidelberg},
	series       = {DAIS '09},
	pages        = {129--142},
	doi          = {http://dx.doi.org/10.1007/978-3-642-02164-0_10},
	isbn         = {978-3-6420-2163-3},
	url          = {http://dx.doi.org/10.1007/978-3-642-02164-0_10},
	acmid        = 1567958,
	numpages     = 14,
	bdsk-url-1   = {http://dx.doi.org/10.1007/978-3-642-02164-0_10}
}
@article{spring2011monitoring1,
	title        = {Monitoring cloud computing by layer, part 1},
	author       = {Spring, Jonathan},
	year         = 2011,
	journal      = {IEEE Security \& Privacy},
	publisher    = {IEEE},
	volume       = 9,
	number       = 2,
	pages        = {66--68}
}
@article{spring2011monitoring2,
	title        = {Monitoring cloud computing by layer, part 2},
	author       = {Spring, Jonathan},
	year         = 2011,
	journal      = {IEEE Security \& Privacy},
	publisher    = {IEEE},
	volume       = 9,
	number       = 3,
	pages        = {52--55}
}
@article{sterritt2005autonomic,
	title        = {Autonomic computing-panacea or poppycock?},
	author       = {Sterritt, Roy and Hinchey, Mike},
	year         = 2005,
	journal    = {Engineering of Computer-Based Systems, 2005. ECBS'05. 12th IEEE International Conference and Workshops on the},
	pages        = {535--539},
	organization = {IEEE}
}
@book{RW00,
	title        = {Foundations of Service Level Management},
	author       = {Sturm, R. and Morris, W. and Jander, M.},
	year         = 2000,
	publisher    = {Pearson Sams},
	series       = {Sams Professionals},
	isbn         = 9780672317439,
	url          = {http://books.google.com/books?id=-TdPAAAAMAAJ},
	note         = {ISBN: 978-0-6723-1743-9},
	lccn         = 99063620,
	bdsk-url-1   = {http://books.google.com/books?id=-TdPAAAAMAAJ}
}
@article{6212007,
	title        = {Workflow scheduling for SaaS / PaaS cloud providers considering two SLA levels},
	author       = {T. A. L. {Genez} and L. F. {Bittencourt} and E. R. M. {Madeira}},
	year         = 2012,
	month        = apr,
	journal      = {2012 IEEE Network Operations and Management Symposium},
	pages        = {906--912},
	doi          = {10.1109/NOMS.2012.6212007},
	issn         = {2374-9709},
	keywords     = {cloud computing;integer programming;linear programming;resource allocation;scheduling;workflow management software;workflow scheduling;SaaS cloud providers;PaaS cloud providers;SLA levels;cloud computing;maintenance cost avoidance;upfront investment;computational power;pay-per-use basis;software provider;platform provider;infrastructure provider;IaaS;computational infrastructure;computational resources;integer linear program formulation;ILP;Cloud computing;Scheduling;Quality of service;Contracts;Scheduling algorithms;Computational modeling},
	bdsk-url-1   = {https://doi.org/10.1109/NOMS.2012.6212007}
}
@article{5463688,
	title        = {Migrating Autonomic Self-Testing to the Cloud},
	author       = {T. M. {King} and A. S. {Ganti}},
	year         = 2010,
	month        = apr,
	journal    = {2010 Third International Conference on Software Testing, Verification, and Validation Workshops},
	pages        = {438--443},
	doi          = {10.1109/ICSTW.2010.66},
	keywords     = {program testing;Web services;autonomic self-testing process;cloud computing;Internet;cloud services;automated test harness;test support as-a-service;virtual test environment;Built-in self-test;Cloud computing;Automatic testing;Software testing;Web and internet services;Runtime;Computer science;Neodymium;Electronic mail;Application software;Software Testing;Cloud Computing;Autonomic Computing;Virtualization},
	bdsk-url-1   = {https://doi.org/10.1109/ICSTW.2010.66}
}
@book{CloudSec,
	title        = {Cloud Security and Privacy: An Enterprise Perspective on Risks and Compliance},
	author	  = {Mather, Tim and Kumaraswamy, Subra and Latif, Shahed},
	year         = 2009,
	publisher    = {O'Reilly Media},
	Note         = {ISBN-978-0-5968-0276-9}
}
@article{Buizza,
	title        = {Neural network load forecasting with weather ensemble predictions},
	author       = {Taylor, J.W. and Buizza, R.},
	year         = 2002,
	month        = aug,
	journal      = {Power Systems, IEEE Transactions on},
	volume       = 17,
	number       = 3,
	pages        = {626--632},
	doi          = {10.1109/TPWRS.2002.800906},
	issn         = {0885-8950},
	keywords     = {load forecasting; estimationWeather forecasting},
	bdsk-url-1   = {http://dx.doi.org/10.1109/TPWRS.2002.800906}
}
@misc{icloud,
	author = {{The Guardian}},
	title       = {{Naked celebrity hack: security experts focus on iCloud backup theory}},
	year         = 2014,
	url          = {http://www.theguardian.com/technology/2014/sep/01/naked-celebrity-hack-icloud-backup-jennifer-lawrence},
	note         = {http://www.theguardian.com/technology/2014/sep/01/naked-celebrity-hack-icloud-backup-jennifer-lawrence [Accessed: 23. 10. 2014]},
	optdate      = 2014
}
@phdthesis{Berger05,
	title        = {Konzeption und Management von Service-Level-Agreements f\"ur IT-Dienstleistungen},
	author       = {Thomas G. Berger},
	year         = 2005,
	publisher    = {TU Darmstadt},
	type         = {Dissertation}
}
@article{uriarte2014slac,
	title        = {Slac: A formal service-level-agreement language for cloud computing},
	author       = {Uriarte, Rafael Brundo and Tiezzi, Francesco and Nicola, Rocco De},
	year         = 2014,
	journal    = {proceedings of the 2014 IEEE/ACM 7th International Conference on Utility and Cloud Computing},
	pages        = {419--426},
	organization = {IEEE Computer Society}
}
@book{theoinf,
	title        = {Theoretische Informatik - kurz gefasst},
	author       = {Uwe Sch{\"o}ning},
	year         = 2008,
	publisher    = {Spekturm Akademischer Verlag Heidelberg, ISBN: 978-3-8274-1824-1},
	date-added   = {2011-08-04 12:40:02 +0000},
	date-modified = {2011-08-04 12:41:45 +0000}
}
@article{5547150,
	title        = {{Low level Metrics to High level SLAs - LoM2HiS framework: Bridging the gap between monitored metrics and SLA parameters in cloud environments}},
	author       = {V. C. {Emeakaroha} and I. {Brandic} and M. {Maurer} and S. {Dustdar}},
	year         = 2010,
	month        = jun,
	journal    = {2010 International Conference on High Performance Computing Simulation},
	pages        = {48--54},
	doi          = {10.1109/HPCS.2010.5547150},
	keywords     = {Internet;low level metric;cloud computing;service level agreement;resource monitoring;FoSII infrastructure;high level SLA management;LoM2HiS;Monitoring;Measurement;Quality of service;Clouds;Java;XML;Web services;Cloud Computing;Resource monitoring;SLA mapping;SLA enforcement;SLA management;Performance evaluation},
	bdsk-url-1   = {https://doi.org/10.1109/HPCS.2010.5547150}
}
@article{7430360,
	title        = {Automatically Enforcing Security SLAs in the Cloud},
	author       = {V. {Casola} and A. {De Benedictis} and M. {Era{\c s}cu} and J. {Modic} and M. {Rak}},
	year         = 2017,
	month        = sep,
	journal      = {IEEE Transactions on Services Computing},
	volume       = 10,
	number       = 5,
	pages        = {741--755},
	doi          = {10.1109/TSC.2016.2540630},
	issn         = {1939-1374},
	keywords     = {cloud computing;contracts;resource allocation;security of data;cloud services;verifiable security;Service Level Objectives;security mechanisms;resource allocation process;cloud security monitoring solutions;Security SLA life cycle management;cloud applications;security-related software components;security features;customer security requirements;automatic security SLA enforcement;Security SLO;resource configuration;automatic resource provisioning;Security;Cloud computing;Measurement;Planning;Monitoring;Unified modeling language;Cloud security;security service level agreement;optimal resource allocation},
	bdsk-url-1   = {https://doi.org/10.1109/TSC.2016.2540630}
}
@book{Vapnik:1995:NSL:211359,
	title        = {The Nature of Statistical Learning Theory},
	author       = {Vapnik, Vladimir N.},
	year         = 1995,
	publisher    = {Springer-Verlag},
	address      = {Berlin, Heidelberg},
	note         = {ISBN 0-387-94559-8}
}
@book{10.1007/978-3-642-22709-7_46,
	title        = {SLA with Dual Party Beneficiality in Distributed Cloud},
	author       = {Varalakshmi, P. and Priya, K. H. and Pradeepa, J. and Perumal, V.},
	year         = 2011,
	journal    = {Advances in Computing and Communications},
	publisher    = {Springer Berlin Heidelberg},
	address      = {Berlin, Heidelberg},
	pages        = {471--479},
	note          = {ISBN 978-3-642-22709-7},
	abstract     = {Service Level Agreement paves the way to maintain a cordial and a conflict free relationship between the service provider and the service customer. This is done by negotiating with the respected parties and finally agreeing upon an agreement. This agreement called as Service Level Agreement (SLA). The proposed solution deals with negotiation process and SLA formation, grouping of leases as classes and scheduling the lease execution making use of High Aggregate Penalty Class (HAPC) algorithm. With the proposed system, the consumer's QoS parameters like waiting time is reduced, and the system parameters - makespan is improved. Also the provider is able to get the payment in installments on time.},
	editor       = {Abraham, Ajith and Lloret Mauri, Jaime and Buford, John F. and Suzuki, Junichi and Thampi, Sabu M.}
}
@article{ward2014observing,
	title        = {Observing the clouds: a survey and taxonomy of cloud monitoring},
	author       = {Ward, Jonathan Stuart and Barker, Adam},
	year         = 2014,
	journal      = {Journal of Cloud Computing},
	publisher    = {Springer Berlin Heidelberg},
	volume       = 3,
	number       = 1,
	pages        = 24
}
@book{weisberg2014applied,
	title        = {Applied Linear Regression},
	author       = {Weisberg, S.},
	year         = 2014,
	publisher    = {Wiley},
	series       = {Wiley Series in Probability and Statistics},
	note         = {ISBN 9781118789551},
	url          = {https://books.google.de/books?id=FHt-AwAAQBAJ},
	lccn         = 2013028885,
	bdsk-url-1   = {https://books.google.de/books?id=FHt-AwAAQBAJ}
}
@article{sun2005role,
	title        = {{The role of XML in service level agreements management}},
	author       = {Wenhui Sun and Yue Xu and Feng Liu},
	year         = 2005,
	journal    = {2005 International Conference on Services Systems and Services Management, 2005. proceedings of ICSSSM '05.},
	volume       = 2,
	pages        = {1118--1120},
	doi          = {10.1109/ICSSSM.2005.1500170},
	keywords     = {Internet;XML;customer services;electronic commerce;Internet services environment;W3C;XML schema recommendation;XML+XML;e-business administration;message structure;schema-based SLA;service level agreements management;Communication industry;Contracts;Financial management;Intelligent networks;Monitoring;Quality of service;Resource management;Sun;Web and internet services;XML},
	bdsk-url-1   = {http://dx.doi.org/10.1109/ICSSSM.2005.1500170}
}
@article{Wood:2009:SBG:1663647.1663710,
	title        = {Sandpiper: Black-box and Gray-box Resource Management for Virtual Machines},
	author       = {Wood, Timothy and Shenoy, Prashant and Venkataramani, Arun and Yousif, Mazin},
	year         = 2009,
	month        = dec,
	journal      = {Comput. Netw.},
	publisher    = {Elsevier North-Holland, Inc.},
	address      = {New York, NY, USA},
	volume       = 53,
	number       = 17,
	pages        = {2923--2938},
	doi          = {10.1016/j.comnet.2009.04.014},
	issn         = {1389-1286},
	url          = {http://dx.doi.org/10.1016/j.comnet.2009.04.014},
	acmid        = 1663710,
	issue_date   = {December, 2009},
	keywords     = {Data centers, Dynamic provisioning, Migration, Virtualization},
	numpages     = 16,
	bdsk-url-1   = {http://dx.doi.org/10.1016/j.comnet.2009.04.014}
}
@article{sche+time,
	title        = {Scheduling, timetabling and rostering --- A special relationship?},
	author       = {Wren, Anthony},
	year         = {Springer Berlin / Heidelberg 1996},
	booktitle    = {Practice and Theory of Automated Timetabling},
	volume       = {Practice and Theory of Automated Timetabling},
	pages        = {S.46--75},
	date-added   = {2011-08-02 18:57:24 +0000},
	date-modified = {2011-08-02 19:01:40 +0000},
	bdsk-url-1   = {http://dx.doi.org/10.1007/3-540-61794-9_51}
}
@article{WANG20121135,
	title        = {An adaptive model-free resource and power management approach for multi-tier cloud environments},
	author       = {Xiaoying Wang and Zhihui Du and Yinong Chen},
	year         = 2012,
	journal      = {Journal of Systems and Software},
	volume       = 85,
	number       = 5,
	pages        = {1135--1146},
	doi          = {https://doi.org/10.1016/j.jss.2011.12.043},
	issn         = {0164-1212},
	url          = {http://www.sciencedirect.com/science/article/pii/S0164121211003244},
	abstract     = {With the development of cloud environments serving as a unified infrastructure, the resource management and energy consumption issues become more important in the operations of such systems. In this paper, we investigate adaptive model-free approaches for resource allocation and energy management under time-varying workloads and heterogeneous multi-tier applications. Specifically, we make use of measurable metrics, including throughput, rejection amount, queuing state, and so on, to design resource adjustment schemes and to make control decisions adaptively. The ultimate objective is to guarantee the summarized revenue of the resource provider while saving energy and operational costs. To validate the effectiveness, performance evaluation experiments are performed in a simulated environment, with realistic workloads considered. Results show that with the combination of long-term adaptation and short-term adaptation, the fluctuation of unpredictable workloads can be captured, and thus the total revenue can be preserved while balancing the power consumption as needed. Furthermore, the proposed approach can achieve better effect and efficiency than the model-based approaches in dealing with real-world workloads.},
	keywords     = {Cloud environment, Adaptive model-free approach, Resource management, Power management},
	bdsk-url-1   = {http://www.sciencedirect.com/science/article/pii/S0164121211003244},
	bdsk-url-2   = {https://doi.org/10.1016/j.jss.2011.12.043}
}
@article{Bodyanskiy20061357,
	title        = {Neural network approach to forecasting of quasiperiodic financial time series},
	author       = {Yevgeniy Bodyanskiy and Sergiy Popov},
	year         = 2006,
	journal      = {European Journal of Operational Research},
	volume       = 175,
	number       = 3,
	pages        = {1357--1366},
	issn         = {0377-2217},
	keywords     = {Combining of forecasts}
}
@article{CloudChallenges,
	title        = {Cloud computing: state-of-the-art and research challenges},
	author       = {Zhang, Qi and Cheng, Lu and Boutaba, Raouf},
	year         = 2010,
	journal      = {Journal of Internet Services and Applications},
	publisher    = {Springer-Verlag},
	volume       = 1,
	number       = 1,
	pages        = {7--18},
	doi          = {10.1007/s13174-010-0007-6},
	issn         = {1867-4828},
	url          = {http://dx.doi.org/10.1007/s13174-010-0007-6},
	keywords     = {Cloud computing; Data centers; Virtualization},
	language     = {English},
	bdsk-url-1   = {http://dx.doi.org/10.1007/s13174-010-0007-6}
}
@article{zhao2009survey,
	title        = {A survey on autonomic computing research},
	author       = {Zhao, Zhenxing and Gao, Congying and Duan, Fu},
	year         = 2009,
	journal    = {Computational Intelligence and Industrial Applications, 2009. PACIIA 2009. Asia-Pacific Conference on},
	volume       = 2,
	pages        = {288--291},
	organization = {IEEE}
}
@misc{Gartner11,
	title        = {CIO-Priorit\"aten und Budgets 2011 {http://www.cio.de/strategien/analysen/2262709/}},
	author       = {{ Gartner Group}},
	url          = {http://www.cio.de/strategien/analysen/2262709/},
	note         = {{http://www.cio.de/strategien/analysen/2262709/} [Accessed: 14. 05. 2014]},
	date         = 2011,
	bdsk-url-1   = {http://www.cio.de/strategien/analysen/2262709/}
}
@book{local,
	title        = {Local Search in Combinatorial Optimization},
	author       = {{Aarts Emile} {Lenstra Jan Karel}},
	year         = 1997,
	publisher    = {John Wiley \& Sons, ISBN 0471948225},
	date-added   = {2011-08-08 17:49:16 +0000},
	date-modified = {2011-08-08 17:52:26 +0000}
}
@article{ga-grid,
	title        = {An improved rank-based genetic algorithm with limited iterations for grid scheduling},
	author       = {{Abdulal, W. and Al Jadaan, O. and Jabas, A. and Ramachandram, S.}},
	year         = 2009,
	journal      = {Industrial Electronics \& Applications, 2009. ISIEA 2009. IEEE Symposium on , vol.1, no., pp.215-220, 4-6},
	date-added   = {2011-08-10 20:39:43 +0000},
	date-modified = {2011-08-10 20:41:48 +0000}
}
@misc{EC2SLA,
	author       = {{Amazon}},
	title		 = {{EC2 Service Level Agreement Website}},
	url          = {http://aws.amazon.com/de/ec2/sla/},
	note         = {{http://aws.amazon.com/de/ec2/sla, [Accessed: 02. 05. 2015]}},
	optdate      = 2013,
	bdsk-url-1   = {http://aws.amazon.com/de/ec2/sla/}
}
@webpage{amazon,
	title        = {Amazon EC2 Instance Types},
	author       = {{Amazon Web Services}},
	month        = aug,
	url          = {http://aws.amazon.com/de/ec2/instance-types/},
	date-added   = {2011-08-05 20:00:02 +0000},
	date-modified = {2011-08-05 20:02:28 +0000},
	howpublished = {http://aws.amazon.com/de/ec2/instance-types/},
	bdsk-url-1   = {http://aws.amazon.com/de/ec2/instance-types/}
}
@collection{EC2,
	title        = {{Amazon Elastic Compute Cloud (EC2)}},
	author       = {{Amazon}},
	year         = 2006,
	url          = {http://aws.amazon.com/de/about-aws/whats-new/2006/08/24/announcing-amazon-elastic-compute-cloud-amazon-ec2---beta},
	note         = {{http://aws.amazon.com/de/about-aws/whats-new/2006/08/24/announcing-amazon-elastic-compute-cloud-amazon-ec2---beta} [Accessed: 22. 06. 2014]},
	bdsk-url-1   = {http://aws.amazon.com/de/about-aws/whats-new/2006/08/24/announcing-amazon-elastic-compute-cloud-amazon-ec2---beta},
	bdsk-url-2   = {%09%09http://aws.amazon.com/de/about-aws/whats-new/2006/08/24/announcing-amazon-elastic-compute-cloud-amazon-ec2---beta},
	date-modified = {2014-09-27 22:49:14 +0000},
	optdate      = 2014
}
@misc{ASLAMaaSDoku,
	title        = {{Autonomic SLA Management as a Service Project - SLA Richtliniendokument f\"ur Cloud Dienstleistungen}},
	author       = {{ASLAMaaS Project}},
	year         = 2014,
	url          = {http://www.wolke.hs-furtwangen.de/assets/files/ASLAMaaS-SLA-Richtliniendokument.pdf},
	note         = {{http://www.wolke.hs-furtwangen.de/assets/files/ASLAMaaS-SLA-Richtliniendokument.pdf} [Accessed: 25. 07. 2014]},
	date         = {date},
	date-modified = {2014-09-27 22:49:14 +0000},
	optdate      = 2013,
	bdsk-url-1   = {http://www.wolke.hs-furtwangen.de/assets/files/ASLAMaaS-SLA-Richtliniendokument.pdf}
}
@article{suspendingart,
	title        = {Resource leasing and the art of suspending virtual machines},
	author       = {{Borja and Santiago, Rub{\'e}n and Montero, Ignacio and Llorente, Mart{\'\i}n and Foster, Ian} {Sotomayor}},
	year         = 2009,
	journal      = {in proceedings of the 11th IEEE International Conference on High Performance Computing and Communications (HPCC-09), IEEE},
	date-added   = {2011-08-10 12:15:56 +0000},
	date-modified = {2011-08-10 12:21:09 +0000}
}
@article{6799665,
	title        = {An SLA-aware load balancing scheme for cloud datacenters},
	author       = {Chung-Cheng Li and Kuochen Wang},
	year         = 2014,
	month        = feb,
	journal    = {The International Conference on Information Networking 2014 (ICOIN2014)},
	pages        = {58--63},
	doi          = {10.1109/ICOIN.2014.6799665},
	issn         = {1550-445X},
	keywords     = {cloud computing;computer centres;contracts;neural nets;resource allocation;service-oriented architecture;virtual machines;SLA-aware load balancing;cloud datacenters;cloud computing;virtual machines;decentralized load balancing architecture;tldlb;two-level decentralized load balancer;scalability;availability capabilities;cloud users;neural network-based dynamic load balancing algorithm;neural network-based dynamic weighted round-robin algorithm;nn-dwrr algorithm;VM load metrics;neural network-based load prediction;SLA violation rate reduction;service-level agreement;Time factors;Load management;Computer architecture;Heuristic algorithms;Cloud computing;Artificial neural networks;Scheduling algorithms;cloud computing;decentralized architecture;load balancing;neural network;service level agreement},
	bdsk-url-1   = {https://doi.org/10.1109/ICOIN.2014.6799665}
}
@misc{CloudCouncil,
	title        = {Practical Guide to Cloud Computing},
	author       = {{Cloud Council}},
	url          = {http://www.cloud-council.org/10052011.htm},
	note         = {{http://www.cloud-council.org/10052011.htm} [Accessed: 12. 09. 2014]},
	date         = 2012,
	bdsk-url-1   = {http://www.cloud-council.org/10052011.htm}
}
@misc{CSA3.0,
	title        = {{Security Guidance for Critical Areas of Focus in Cloud Computing v3.0}},
	author       = {{Cloud Security Alliance}},
	year         = 2011,
	note         = {{https://downloads.cloudsecurityalliance.org/assets/research/security-guidance/csaguide.v3.0.pdf} [Accessed: 25. 07. 2016]}
}
@article{IBM,
	title        = {The origin of the VM/370 time-sharing system},
	author       = {{Creasy RJ.}},
	year         = 1981,
	journal      = {IBM Journal of Research and Development, 25, No.4, 483-490},
	date-added   = {2011-08-24 19:30:07 +0000},
	date-modified = {2011-08-24 19:32:02 +0000}
}
@misc{DMTF2010,
	title        = {{Architecture for Managing Clouds}},
	author       = {{Distributed Management Task Force}},
	url          = {http://dmtf.org/sites/default/files/standards/documents/DSP-IS0102_1.0.0.pdf},
	year         = {2013},
	note	     = {{http://dmtf.org/sites/default/files/standards/documents/DSP-IS0102{\_}1.0.0.pdf} [Accessed: 13. 07. 2014]},
	originalyear = {06.2012},
	bdsk-url-1   = {http://dmtf.org/sites/default/files/standards/documents/DSP-IS0102_1.0.0.pdf}
}
@misc{DMTF2010a,
	title        = {{Architecture for Managing Clouds}},
	author       = {{Distributed Management Task Force}},
	year         = 2010,
	url          = {http://dmtf.org},
	note         = {{http://dmtf.org} [Accessed: 10. 06. 2014]},
	comment      = {DSP-IS0102},
	date         = 2010,
	owner        = {reich},
	timestamp    = {2012.07.13},
	bdsk-url-1   = {http://dmtf.org}
}
@book{op-re,
	title        = {Einf{\"u}hrung in Operations Research},
	author       = {{Domschke, Wolfgang}, {Drexl, Andreas}},
	year         = 2005,
	publisher    = {Springer Berlin / Heidelberg, ISBN: 978-3-540-23431-9},
	date-added   = {2011-08-03 13:14:25 +0000},
	date-modified = {2011-08-03 13:17:23 +0000},
	read         = 1
}
@misc{Experton,
	title        = {Experton-Analyse: Wer f{/"u}llt die Cloud mit Business Services},
	author       = {{Experton Group}},
	url          = {http://www.computerwoche.de/management/cloud- computing/1934027/},
	note         = {{http://www.computerwoche.de/management/cloud- computing/1934027/} [Accessed: 17. 03. 2014]},
	date         = 2012,
	bdsk-url-1   = {http://www.computerwoche.de/management/cloud-%20computing/1934027/}
}
@misc{fosii,
	title        = {Foundations of Self-Governing ICT Infrastructures Website},
	author       = {{FOSII Team}},
	note          = {{http://www.infosys.tuwien.ac.at/linksites/FOSII/index.html} [Accessed: 10. 07. 2014]},
	urldate      = {2012.02.13},
	date         = {2013-02-17},
	owner        = {reich},
	timestamp    = {2012.07.13},
	bdsk-url-1   = {http://www.infosys.tuwien.ac.at/linksites/FOSII/index.html}
}
@misc{texo2011,
	title        = {{Theseus Texo - Business Webs im Internet der Dienste}},
	author       = {{Fraunhofer IAO}},
	year         = 2011,
	note         = {{https://www.e-business.iao.fraunhofer.de/de/projekte/beschreibung/theseus-texo.html} [Accessed: 25. 07. 2015]}
}
@misc{IDC,
	title        = {Quantitative Estimates of the Demand for Cloud Computing in Europe and the Likely Barriers To Take-up},
	author       = {{G. Cattaneo, M. Kolding, D. Bradshaw, G. Folco, IDC for the European Commission}},
	url          = {http://cordis.europa.eu/fp7/ict/ssai/docs/study45-d2-interim-report.pdf},
	note         = {{http://cordis.europa.eu/fp7/ict/ssai/docs/study45-d2-interim-report.pdf} [Accessed: 12. 08. 2014]},
	date         = 2012,
	bdsk-url-1   = {http://cordis.europa.eu/fp7/ict/ssai/docs/study45-d2-interim-report.pdf}
}
@misc{ganglia,
	title        = {{Ganglia Website}},
	author       = {{Ganglia}},
	note         = {{https://ganglia.info/} [Accessed: 25. 01. 2018]},
	optdate      = 2018
}
@book{NP-Comp,
	title        = {Computers and Intractability: A Guide to the Theory of NP-Completeness},
	author       = {{Garey, Michael R. und Johnson, David S.}},
	year         = 1979,
	publisher    = {W. H. Freeman \& Co.},
	address      = {New York, NY, USA},
	isbn         = 716710447,
	date-modified = {2011-08-02 20:13:13 +0000}
}
@webpage{Gartner,
	author       = {{Gartner Research Group}},
	title 			= {{Hype Cycle}},
	year         = 2014,
	url          = {http://www.gartner.com/technology/research/hype-cycles/},
	note         = {http://www.gartner.com/technology/research/hype-cycles [Accessed: 25. 08. 2014]}
}
@webpage{haizea,
	title        = {Haizea - An Open Source VM-based Lease Manager},
	author       = {{Haizea Project - University of Chicago}},
	year         = 2011,
	note          = {{http://haizea.cs.uchicago.edu} [Accessed: 25. 08. 2016]},
	date-added   = {2011-08-10 12:58:12 +0000},
	date-modified = {2011-08-10 13:01:52 +0000},
	howpublished = {http://haizea.cs.uchicago.edu/},
	bdsk-url-1   = {http://haizea.cs.uchicago.edu/}
}
@book{genalgohistory,
	title        = {Evolutionary computation: comments on the history and current state},
	author       = {{Hammel, U.} {Schwefel, H.-P} {Baeck, T.}},
	year         = 1997,
	publisher    = {IEEE Computational Intelligence Society},
	series       = {IEEE Transactions on Evolutionary Computation,},
	date-added   = {2011-08-08 20:25:17 +0000},
	date-modified = {2011-08-08 20:29:56 +0000}
}
@misc{ASLAMaaS,
	title        = {{Autonomic SLA Management as a Service Project Website}},
	author       = {{HFU Cloud Research Lab}},
	year         = 2014,
	url          = {http://wolke.hs-furtwangen.de/currentprojects/aslamaas},
	note         = {http://wolke.hs-furtwangen.de/currentprojects/aslamaas [Accessed: 25. 07. 2014]},
	date         = {date},
	date-modified = {2019-07-31 10:44:14 +0200},
	optdate      = 2014,
	bdsk-url-1   = {http://wolke.hs-furtwangen.de/currentprojects/aslamaas}
}
@webpage{cloudia,
	title        = {Cloud Infrastructure \& Applikations - CloudIA},
	author       = {{Hochschule Furtwangen}},
	year         = 2011,
	month        = aug,
	date-added   = {2011-08-01 13:17:35 +0000},
	date-modified = {2011-08-02 19:35:33 +0000},
	howpublished = {http://www.wolke.hs-furtwangen.de/ currentprojects/cloudia},
	read         = 1
}
@webpage{cloud-research-hfu,
	title        = {Cloud Research Lab},
	author       = {{Hochschule Furtwangen}},
	year         = 2011,
	month        = aug,
	date-added   = {2011-08-01 13:13:54 +0000},
	date-modified = {2011-08-01 15:04:21 +0000},
	howpublished = {http://wolke.hs-furtwangen.de/},
	read         = 1,
	bdsk-url-1   = {http://wolke.hs-furtwangen.de/}
}
@article{CloudConcerns,
	title        = {{What is holding back the cloud?}},
	author       = {{Intel Corp.}},
	year         = 2012,
	publisher    = {{Intel Corp.}},
	url          = {http://www.intel.com/content/www/us/en/cloud- computing/whats-holding-back-the-cloud-peer-research-report.html},
	note         = {{http://www.intel.com/content/www/us/en/cloud- computing/whats-holding-back-the-cloud-peer-research-report.html}, [Accessed: 02. 08. 2014]},
	bdsk-url-1   = {http://www.intel.com/content/www/us/en/cloud-%20computing/whats-holding-back-the-cloud-peer-research-report.html}
}
@webpage{shi,
	title        = {Shibboleth},
	author       = {{Internet2}},
	year         = 2011,
	month        = aug,
	url          = {http://shibboleth.internet2.edu/},
	date-added   = {2011-08-01 19:45:56 +0000},
	date-modified = {2011-08-01 20:03:14 +0000},
	howpublished = {http://shibboleth.internet2.edu/},
	read         = 1,
	bdsk-url-1   = {http://shibboleth.internet2.edu/}
}
@techreport{SC38StudyGroup2011,
	title        = {{Study Group Report on Cloud Computing}},
	author       = {{ISO/IEC JTC 1/SC 38 Study Group}},
	year         = 2011,
	note          = {{http://isotc.iso.org/livelink/livelink/fetch/-8913189/8913214/8913373/Study{\_}Group{\_}on{\_}Cloud{\_} Computing{\_}final{\_}report.pdf } [Accessed: 08. 09. 2014]},
	institution  = {{International Organization for Standardization}},
	owner        = {reich},
	timestamp    = {2012.07.13}
}
@techreport{ISOIECSCSG2011,
	title        = {{JTC 1/SC 38 Study Group Report on Cloud Computing}},
	author       = {{ISO/IEC SC 38 Study Group}},
	year         = 2011,
	note         = {{https://jtc1info.org/sd{\_}2-history{\_}of{\_}jtc1/jtc1-subcommittees/sc-38/ } [Accessed: 02. 09. 2014]},
	institution  = {{International Organization for Standardization}},
	owner        = {reich},
	timestamp    = {2012.07.13}
}
@misc{ITILweb,
	title        = {{Information Technology Infrastructure Library (ITIL)}},
	author       = {{ITIL Foundation}},
	url          = {http://www.itil-officialsite.com/},
	note         = {{http://www.itil-officialsite.com} [Accessed: 12. 09. 2014]},
	date         = {2014-09-12},
	bdsk-url-1   = {http://www.itil-officialsite.com/}
}
@article{twolevel,
	title        = {Design and Implementation of an Efficient Two-Level Scheduler for Cloud Computing Environment},
	author       = {{Jeyarani, R. and Ram, R. Vasanth and Nagaveni, N.}},
	year         = 2010,
	journal      = {Cluster, Cloud and Grid Computing (CCGrid), 2010 10th IEEE/ACM International Conference on , pp.585-586, 17-20},
	date-added   = {2011-08-11 14:39:43 +0000},
	date-modified = {2011-08-11 14:41:02 +0000}
}
@article{cloudbursting,
	title        = {Optimizing Service Level Agreements for Autonomic Cloud Bursting Schedulers},
	author       = {{Kailasam, S. and Gnanasambandam, N. and Dharanipragada, J. and Sharma, N.}},
	year         = 2010,
	journal      = {Parallel Processing Workshops (ICPPW), 2010 39th International Conference on , pp.285-294, 13-16},
	date-added   = {2011-08-11 14:42:32 +0000},
	date-modified = {2011-08-11 14:44:12 +0000}
}
@article{deadlineawarecloud,
	title        = {Deadline Aware Virtual Machine Scheduler for Grid and Cloud Computing},
	author       = {{Khalid, O.; Maljevic, I.; Anthony, R.; Petridis, M.; Parrott, K.; Schulz, M.}},
	year         = 2010,
	journal      = {Advanced Information Networking and Applications Workshops (WAINA), 2010 IEEE 24th International Conference on , pp.85-90,},
	date-added   = {2011-08-10 12:22:34 +0000},
	date-modified = {2011-08-10 12:25:00 +0000}
}
@book{kombop1,
	title        = {Kombinatorische Optimierung - Theorie und Algorithmen},
	author       = {{Korte, Bernhard und Vygen, Jens}},
	year         = {ISBN:978-3-540-76918-7, 2008},
	publisher    = {Springer Berlin / Heidelberg},
	date-added   = {2011-08-02 19:20:42 +0000},
	date-modified = {2011-08-02 20:11:07 +0000},
	read         = 1
}
@article{Ga-grid-2,
	title        = {An Evolution-based Dynamic Scheduling Algorithm in Grid Computing Environment},
	author       = {{Kun-Ming Yu and Cheng-Kwan Chen}},
	year         = 2008,
	journal      = {Intelligent Systems Design and Applications, 2008. ISDA '08. Eighth International Conference on , vol.1, no., pp.450-455, 26-28},
	date-added   = {2011-08-10 20:42:11 +0000},
	date-modified = {2011-08-10 20:44:08 +0000}
}
@article{p-np,
	title        = {{On the Structure of Polynomial Time Reducibility}},
	author       = {{Ladner, Richard E.}},
	year         = 1975,
	journal      = {Journal of the ACM (JACM) Volume 22 Issue 1 ACM New York, NY, USA},
	date-added   = {2011-08-03 18:48:25 +0000},
	date-modified = {2011-08-03 18:50:48 +0000}
}
@book{kombop2,
	title        = {Kombinatorische Optimierung erleben - In Studium und Unterricht},
	author       = {{Lutz-Westphal, Brigitte und Hu{\ss}mann, Stephan}},
	year         = {ISBN: 978-3-528-03216-6, 2007},
	publisher    = {Springer Berlin / Heidelberg},
	date-added   = {2011-08-02 19:29:41 +0000},
	date-modified = {2011-08-02 20:07:54 +0000},
	read         = 1
}
@article{6164809,
	title        = {Neural network and regression based processor load prediction for efficient scaling of Grid and Cloud resources},
	author       = {{Md. Toukir Imam} and {Sheikh Faisal Miskhat} and R. M. {Rahman} and M. A. {Amin}},
	year         = 2011,
	month        = dec,
	journal    = {14th International Conference on Computer and Information Technology (ICCIT 2011)},
	pages        = {333--338},
	doi          = {10.1109/ICCITechn.2011.6164809},
	keywords     = {cloud computing;grid computing;neural nets;regression analysis;resource allocation;virtual machines;regression based processor load prediction;grid resource;cloud resource;resource scaling;resource allocation policy;cloud environment;cost savings;virtual machines;quality of service;prediction model;time delay neural network;workload prediction;cloud user resource;Integrated circuit modeling;Argon;Sun;Spline;Nickel;Cloud Computing;Grid Computing;workload prediction;neural network;time delay neural network;polynomial regression},
	bdsk-url-1   = {https://doi.org/10.1109/ICCITechn.2011.6164809}
}
@webpage{opennebula,
	title        = {OpenNebula Project Home},
	author       = {{OpenNebula Project}},
	year         = 2011,
	month        = aug,
	date-added   = {2011-08-01 13:35:15 +0000},
	date-modified = {2011-08-01 15:04:09 +0000},
	howpublished = {http://opennebula.org/},
	read         = 1
}
@article{DAG,
	title        = {Genetic Algorithm for DAG Scheduling in Grid Environments},
	author       = {{Pop, F. and Dobre, C. and Cristea, V}},
	year         = 2009,
	journal      = {Intelligent Computer Communication and Processing, 2009. ICCP 2009. IEEE 5th International Conference on , vol., no., pp.299-305, 27-29},
	date-added   = {2011-08-10 20:32:38 +0000},
	date-modified = {2011-08-10 20:35:34 +0000}
}
@misc{SLA-Ready,
	title        = {{SLA-Ready}},
	author       = {{Project Website}},
	year         = 2017,
	url          = {https://www.sla-ready.eu/sla-negotiation},
	note         = {{https://www.sla-ready.eu/sla-negotiation} [Accessed: 25. 08. 2017]},
	date-modified = {2019-07-31 10:45:41 +0200},
	optdate      = 2017,
	bdsk-url-1   = {https://www.sla-ready.eu/sla-negotiation}
}
@misc{rackspace15,
	author       = {{Rackspace Ltd - Compare Service Levels}},
	year         = 2015,
	url          = {http://www.rackspace.co.uk/managed-cloud/compare-service-levels},
	note         = {Website, {http://www.rackspace.co.uk/managed-cloud/compare-service-levels}, [Accessed: 25. 08. 2015]},
	optdate      = 2015,
	bdsk-url-1   = {http://www.rackspace.co.uk/managed-cloud/compare-service-levels}
}
@misc{rapidminer,
	title        = {{Rapidminer Website}},
	author       = {{Rapidminer}},
	note         = {{https://rapidminer.com/} [Accessed: 25. 01. 2016]},
	optdate      = 2013
}
@article{Cloud-SLA,
	title        = {Prediction of Job Resource Requirements for Deadline Schedulers to Manage High-Level SLAs on the Cloud},
	author       = {{Reig Gemma,} {Alonso Javier} {Guitart Jordi}},
	year         = 2010,
	journal      = {Network Computing and Applications (NCA), 2010 9th IEEE International Symposium on , vol., no., pp.162-167, 15-17},
	date-added   = {2011-08-10 12:10:33 +0000},
	date-modified = {2011-08-10 12:15:46 +0000}
}
@article{metro,
	title        = {Equation of State Calculations by Fast Computing Machines},
	author       = {{Rosenbluth Arianna W. ,} {Rosenbluth Marshall N.,} {Teller Augusta H.,} {Teller Edward,} {Metropolis Nicholas}},
	year         = 1953,
	journal      = {J. Chem. Phys. 21, 1087, doi:10.1063/1.1699114},
	date-added   = {2011-08-08 19:06:17 +0000},
	date-modified = {2011-08-08 19:10:31 +0000}
}
@article{adaptablecloudscheduling,
	title        = {Adaptable scheduling schemes for scientific applications on science cloud},
	author       = {{Seoyoung Kim and Yoonhee Kim and Naeyoung Song andChongam Kim}},
	year         = 2010,
	journal      = {Cluster Computing Workshops and Posters (CLUSTER WORKSHOPS), 2010 IEEE International Conference on , pp.1-3, 20-24},
	date-added   = {2011-08-11 14:35:32 +0000},
	date-modified = {2011-08-11 14:37:37 +0000}
}
@misc{KPI,
	title        = {{KPI Library}},
	author       = {{Service Now}},
	year         = 2013,
	url          = {http://mirror42.com},
	note         = {{http://mirror42.com} [Accessed: 12. 07. 2014]},
	bdsk-url-1   = {http://mirror42.com}
}
@article{riskheuristik,
	title        = {Risk-resilient heuristics and genetic algorithms for security-assured grid job scheduling},
	author       = {{Song, S. and Kai Hwang and Yu-Kwong Kwok}},
	year         = 2006,
	journal      = {Computers, IEEE Transactions on , vol.55, no.6, pp.703-719},
	date-added   = {2011-08-10 20:35:49 +0000},
	date-modified = {2011-08-10 20:37:50 +0000}
}
@article{cloud-intro,
	title        = {Virtual Infrastructure Management in Private and Hybrid Clouds},
	author       = {{Sotomayor, B. and Santiago Montero, R. and Mart{\'\i}n Llorente, I. and Foster I.}},
	year         = 2009,
	journal      = {IEEE Internet Computing, vol. 13, no. 5, pp. 14-22},
	date-added   = {2011-08-10 12:30:22 +0000},
	date-modified = {2011-08-10 12:33:14 +0000}
}
@article{haizea3,
	author       = {{Sotomayor, B., Foster, I., Keahey, K.}},
	year         = 2006,
	title    = {Overhead matters: A model for virtual re-source management},
	journal = {proceedings of the 2nd International Workshop on Virtu-alization Technology in Distributed Computing, IEEE Computer Society, Wash-ington, DC, USA}
}
@article{haizea2,
	title        = {Haizea Website},
	author       = {{Sotomayor, B., Keahey, K.: Haizea}},
	year         = 2011,
	note         = {{http://haizea.cs.uchicago.edu/} [Accessed: 25. 01. 2014]}
}
@article{haizea1,
	author       = {{Sotomayor, B., Montero, R.S., Llorente, I.M., Foster, I.}},
	year         = 2009,
	title    = {Capacity leasing in cloudsystems using the opennebula engine},
	journal = {Cloud Computing and Applications, CCA2008}
}
@article{haizea4,
	author       = {{Sotomayor, B., Montero, R.S., Llorente, I.M., Foster, I.}},
	year         = 2009,
	title    = {Resource leasing and the art of suspending virtual machines},
	journal = {In 11th IEEE International Conference on High Performance Computing and Communications, pp. 59--68. IEEE}
}
@article{tlda,
	title        = {Optimized Grid Scheduling using Two Level Decision Algorithm (TLDA)},
	author       = {{Umale, J. and Mahajan, S.}},
	year         = 2010,
	journal      = {Parallel Distributed and Grid Computing (PDGC), 2010 1st International Conference on , vol., no., pp.78-82, 28-30},
	date-added   = {2011-08-10 20:13:09 +0000},
	date-modified = {2011-08-10 20:15:36 +0000}
}
@misc{Bourne,
	title        = {Companies struggling with cloud performance},
	author       = {{Vanson Bourne Technology Market Research}},
	url          = {http://servicemanagement.cbronline.com/news/cloud-performance-issues-costing-firms-600000-a-year-survey, 2011},
	note         = {{http://servicemanagement.cbronline.com/news/cloud-performance-issues-costing-firms-600000-a-year-survey} [Accessed: 12. 11. 2013]},
	date         = 2011,
	bdsk-url-1   = {http://servicemanagement.cbronline.com/news/cloud-performance-issues-costing-firms-600000-a-year-survey,%202011}
}
@article{4heurisitken,
	title        = {A Comparison of Four Popular Heuristics for Task Scheduling Problem in Computational Grid},
	author       = {{Wang Meihong and Zeng Wenhua}},
	year         = 2010,
	journal      = {Wireless Communications Networking and Mobile Computing (WiCOM), 2010 6th International Conference on , vol., no., pp.1-4, 23-25},
	date-added   = {2011-08-10 20:16:18 +0000},
	date-modified = {2011-08-10 20:18:00 +0000}
}
@article{ga-basedtask,
	title        = {GA-Based Task Scheduler for the Cloud Computing Systems},
	author       = {{Yujia Ge and Guiyi Wei}},
	year         = 2010,
	journal      = {Web Information Systems and Mining (WISM), 2010 International Conference on , vol.2, no., pp.181-186, 23-24},
	date-added   = {2011-08-11 14:32:50 +0000},
	date-modified = {2011-08-11 14:33:43 +0000}
}
@misc{slasoi2011,
	author		={{SLA@SOI}},
	title        = {{SLA@SOI Project Website}},
	note          = {http://sla-at-soi.eu/ [Accessed: 17. 09. 2016]}
}
@misc{slasoisrc,
    author		={{SLA@SOI}},
	title        = {{Framework Alpha Website}},
	note          = {http://sourceforge.net/projects/sla-at-soi/files/ [Accessed: 17. 02. 2017]}
}
@misc{slasoiwiki,
	author		={{SLA@SOI}},
	title        = {{SLA Model Website}},
	note          = {http://sourceforge.net/apps/trac/sla-at-soi/wiki/SLA%20Model%20%3A%20The%20Model [Accessed: 17. 02. 2017]},
}
@article{DBLP:conf/mascots/2000, 
author={D. {Gunter} and B. {Tierney} and B. {Crowley} and M. {Holding} and J. {Lee}}, 
journal={Proceedings 8th International Symposium on Modeling, Analysis and Simulation of Computer and Telecommunication Systems (Cat. No.PR00728)}, 
title={NetLogger: a toolkit for distributed system performance analysis}, 
year={2000}, 
pages={267-273}, 
doi={10.1109/MASCOT.2000.876548}, 
ISSN={1526-7539}, 
month={Aug},}

@article{Korte2008,
	title        = {Bin-Packing},
	year         = 2008,
	journal    = {Kombinatorische Optimierung: Theorie und Algorithmen},
	publisher    = {Springer Berlin Heidelberg},
	address      = {Berlin, Heidelberg},
	pages        = {485--502},
	doi          = {10.1007/978-3-540-76919-4_18},
	note         = {ISBN 978-3-540-76919-4},
	url          = {https://doi.org/10.1007/978-3-540-76919-4_18},
	abstract     = {Angenommen, wir haben n Objekte verschiedener fester Gr{\"o}{\ss}en und einige Beh{\"a}lter von gleicher Gr{\"o}{\ss}e. Unser Problem ist es, die Objekte den Beh{\"a}ltern zuzuordnen, mit dem Ziel, die Anzahl der benutzten Beh{\"a}lter zu minimieren. Nat{\"u}rlich darf die Gesamtgr{\"o}{\ss}e der einem Beh{\"a}lter zugeordneten Objekte die Gr{\"o}{\ss}e des Beh{\"a}lters nicht {\"u}bersteigen.},
	bdsk-url-1   = {https://doi.org/10.1007/978-3-540-76919-4_18}
}

